2804 4912
159 272 199 332 54
570 286 626 331 tm.
646 288 679 330 11.
707 287 769 331 car.
787 288 833 331 xv.

157 461 234 522 que,
263 451 300 504 ut
321 461 361 504 ne
383 440 580 509 offensionem
603 439 694 505 iaciat
719 439 893 522 mandem,
922 440 1190 520 quemadmodum
1215 441 1249 505 iu

158 545 249 609 Ennii
264 563 368 624 versu,
1098 551 1103 559 “

241 647 346 731 palam
361 647 472 715 mutire
484 644 596 727 plebeio
608 647 768 728 piaculum
782 654 836 717 est.

159 751 207 817 vel
221 753 255 813 in
269 751 367 817 Plauti
382 750 441 817 llil.
461 751 497 810 ll.
518 751 547 828 6,
567 751 619 821 22.

242 855 304 916 atsi
315 852 391 915 rullei
404 852 586 935 supplicium
601 853 760 935 vlrparum
775 852 812 913 dc
828 852 980 915 adamo:

158 977 251 1038 quem
281 955 458 1019 emendavit
487 955 642 1018 Bentleius
672 954 712 1017 ad
742 957 863 1016 Terent.
890 952 1022 1035 Adelph.
1048 957 1096 1018 lV.
1123 957 1157 1035 2,
1192 959 1244 1019 52.

158 1063 250 1123 Ennii
265 1077 375 1123 versus
389 1058 557 1140 elegantior
578 1057 665 1121 lieret
678 1058 736 1120 hoo
752 1057 859 1120 ordine
874 1057 1052 1139 verborum,
1074 1059 1190 1141 plebeio
1206 1068 1250 1126 est

154 1165 327 1245 piaculum·
347 1162 423 1226 Vide
438 1160 456 1245 ᾗ
472 1161 524 1223 79.
547 1164 618 1224 l00.
716 1216 722 1226 .

244 1366 366 1449 §lca
408 1371 518 1431 Rarius
545 1369 643 1430 Latini
672 1376 792 1431 veteres
818 1368 935 1431 abiecta
953 1369 1050 1432 'linali
1075 1389 1090 1432 s
1116 1371 1249 1445 brevem

158 1474 293 1536 vocalem
319 1474 489 1559 corripiunt
513 1474 545 1535 in
570 1480 708 1549 extremo
733 1471 813 1557 pede
838 1473 969 1565 senarii,
998 1481 1035 1536 ut
1058 1475 1187 1555 Plaphrs
1216 1477 1250 1537 in

158 1575 242 1649 Rud-
259 1578 293 1639 ll.
316 1580 345 1656 6,
364 1579 416 1640 28.
461 1649 462 1652 Ἴ
552 1663 554 1668 Ι
840 1586 846 1591 ·

244 1680 327 1759 eheu,
347 1679 517 1755 Palaestra,
535 1687 625 1763 atque
639 1674 819 1758 Ampelisca,
838 1677 891 1741 uhi
904 1679 966 1743 csti'
982 1683 1085 1742 auae?
1134 1674 1138 1681 ’

590 2081 703 2157 cAP.
721 2080 811 2161 XV.

351 2233 410 2303 De
436 2233 640 2306 trimetro
658 2233 849 2305 iambico
876 2236 1046 2307 claudo.

242 2402 266 2483 ς
291 2399 365 2467 164.
403 2404 598 2464 Trimeter
620 2401 808 2483 claudus,
835 2422 928 2483 quem
952 2397 1115 2487 σκάζοντα
1138 2410 1253 2476 Graeci

156 2516 267 2575 vocant
288 2507 329 2569 ab
345 2507 532 2590 Hipponacte
548 2505 766 2589 iambographo
788 2525 900 2583 nomen
920 2508 1015 2575 habet
1030 2512 1247 2595 llippouactei.

156 2612 232 2673 Eius
247 2609 357 2673 eadem
372 2610 448 2673 ratio
463 2618 520 2688 est,
545 2628 625 2689 quae
640 2608 784 2679 trochaici
799 2609 911 2690 claudi,
935 2611 973 2677 de
989 2632 1051 2695 quo
1067 2634 1134 2696 cap.
1151 2619 1247 2701 VIII„

156 2715 175 2775 i.
195 2735 222 2776 e.
242 2715 351 2776 ultima
366 2714 433 2779 eius
448 2711 572 2794 dipodia
588 2730 628 2775 ex
644 2713 813 2793 antispasto
828 2723 961 2783 uolutat:

241 2811 341 2864 enno

156 2920 219 2986 Sed
233 2921 330 2985 rarior
344 2928 392 2982 est
406 2921 438 2981 in
452 2920 553 3000 priore
568 2919 661 2983 huius
676 2922 838 2999 antispasti
853 2931 940 3005 parte
959 2923 1129 3007 spondeus,
1156 2931 1249 3001 mul„

154 3033 221 3087 tum
237 3023 288 3085 ille
303 3022 342 3085 de
358 3023 505 3104 elegantia
521 3025 642 3093 numeri
659 3023 833 3105 detrahens,
853 3035 889 3103 ut
903 3027 987 3111 apud
1003 3029 1222 3095 Theocritum:

241 3119 259 3188 ὁ
274 3121 484 3207 μουσοποιὸς
499 3116 614 3197 ἐνθάδ’
628 3117 802 3209 Ἱππῶναξ
813 3128 934 3211 aciaco,

241 3220 274 3292 εὶ
286 3222 347 3310 μὲν
362 3222 517 3316 πονηρός,
538 3224 583 3314 μὴ
599 3223 760 3316 dundaxat)
777 3231 825 3316 τῷ
839 3222 963 3317 τύμβῳ.

154 3334 247 3397 Multo
262 3334 385 3397 suavior
399 3344 447 3397 est
461 3352 561 3416 purus
577 3334 700 3397 iambus
714 3354 750 3396 eo
765 3335 845 3397 loco:
1007 3412 1010 3426 ι

241 3427 288 3512 ὡς
302 3429 336 3500 οὶ
350 3431 412 3519 μὲν
427 3429 503 3520 <lyei
517 3429 687 3521 Βουπάλῳ
704 3441 904 3525 mappulam.

154 3653 236 3715 sunt.

239 3847 354 3931 5165.
395 3847 625 3933 lambographi,
656 3869 788 3933 quorum
810 3856 954 3935 proprius
976 3865 1024 3918 est
1046 3857 1095 3918 hie
1116 3877 1242 3944 versus,

152 3957 338 4039 plerumque
353 3973 424 4021 eum
440 3954 658 4027 nitidissimum
673 3957 828 4037 lecerunt,
854 3960 952 4025 rarius
968 3968 1090 4027 utentes
1105 3963 1244 4027 solutio-

153 4058 262 4139 nibus,
287 4067 319 4121 et
339 4059 431 4152 plane
452 4058 642 4124 abstinentes
663 4055 705 4124 ab
719 4069 901 4142 anapaesto,
927 4064 986 4125 nisi
1008 4063 1093 4144 quod
1109 4067 1244 4139 Babrius

156 4164 241 4233 hunc
262 4161 373 4246 pedem
394 4164 550 4231 interdum
572 4165 605 4228 in
622 4169 722 4247 prima
743 4164 818 4231 seda
833 4165 972 4237 adscivit.
1005 4169 1039 4233 ln
1055 4171 1240 4255 antispasto,
