2804 4912
153 311 214 374 tol
559 327 616 372 nm.
636 328 681 371 ru.
715 327 778 370 cur.
797 327 825 368 x.

153 485 330 562 Fragmenta
354 483 435 543 illius
456 482 556 560 operis
576 483 665 562 posui
689 483 720 541 in
735 480 903 542 Elementis
918 478 1075 542 doctrinae
1095 478 1268 544 metrico

153 606 184 666 p.
197 587 268 646 618.
289 603 374 665 seqq.
395 585 509 664 quibus
524 605 564 645 ex
580 596 666 646 sexto
682 585 759 645 libro
774 582 916 645 addenda
932 601 1011 663 esse,
1030 602 1110 662 quae
1124 581 1234 645 charz
1252 615 1268 649 ι

74 735 79 746 .
153 692 218 751 sius
234 709 265 769 p.
278 691 348 749 478.
376 708 437 750 non
458 689 614 750 nominato
636 698 760 750 auctore
776 687 875 767 affert,
901 705 1093 765 expressae.
1110 704 1140 745 v.
1159 686 1263 747 ΨΩ

155 794 227 855 296.
248 792 325 853 vidit
339 794 376 853 M.
396 792 562 873 Hauptius:

240 931 293 992 ebt
308 949 432 992 mancos
448 929 555 1009 sedete,
576 930 712 991 ddm'com
727 929 843 992 videbis

239 1053 284 1095 me
300 1035 440 1113 cmpemo
456 1033 607 1096 vehentem
622 1039 654 1094 in
671 1033 791 1095 manum
805 1035 933 1096 vcomse.

152 1173 311 1234 Debebam
327 1180 429 1232 autem
445 1169 603 1248 Odysseae
619 1172 787 1250 fragmenta
803 1190 864 1232 non
880 1170 921 1232 ad
935 1169 1111 1232 recentioris
1125 1186 1184 1247 pro:
1207 1194 1268 1231 <a

153 1276 220 1338 diae
236 1274 319 1354 leges
331 1276 461 1354 exigere,
481 1274 537 1336 sed
548 1293 672 1335 servare
684 1283 825 1336 vetustae
840 1273 1096 1355 pronuntiationis
1108 1289 1268 1331 mora-n

153 1380 194 1440 lta
211 1379 344 1458 exempli
360 1397 468 1439 caussa
487 1379 593 1458 integri
610 1379 744 1439 Saturnii
760 1388 833 1440 sunt
847 1378 897 1439 hi:

239 1515 322 1597 opdd
336 1517 498 1598 nympham
514 1513 646 1580 Atlantis
660 1515 761 1597 sitiam
780 1518 986 1599 Calypsonem.

238 1618 411 1682 Mercoirius
427 1637 552 1700 comque
567 1640 599 1681 eo
614 1618 702 1699 fliius
716 1623 859 1683 latomos.

153 1757 281 1821 Videtur
296 1767 398 1818 tamen
415 1758 475 1817 iarn
491 1759 557 1838 ipse
572 1759 676 1819 livius
691 1758 848 1820 vertendis
864 1759 1050 1819 Graecorum
1075 1746 1230 1834 tragoedii&
1266 1786 1268 1791 ·

152 1871 258 1923 auctor
286 1862 383 1922 luisse
405 1862 567 1923 severioris
589 1881 736 1924 versuum
767 1862 1000 1940 elaborationis,
1026 1863 1069 1922 ita
1090 1868 1127 1921 ut
1145 1857 1221 1918 etiam

152 1967 206 2045 qui
221 1965 366 2045 deinceps
382 1967 541 2026 Saturnios
557 1984 666 2027 versus
681 1966 833 2045 lacerent,
853 1983 1030 2026 mensuram
1047 1963 1216 2044 syliabarum

153 2069 318 2130 observare
341 2069 514 2131 accuratius
535 2068 698 2131 discerent.
740 2069 851 2148 quue,
884 2069 944 2129 nisi
966 2067 1070 2148 fallor,
1104 2069 1136 2128 in
1157 2062 1220 2126 Bello
1266 2092 1268 2099 ·

152 2175 265 2234 Punico
286 2172 357 2233 lecit
377 2174 525 2252 Naevius,
552 2174 639 2234 cuius
662 2174 805 2235 carminis
829 2192 908 2253 quae
930 2181 1052 2234 servata
1077 2180 1152 2233 sunt
1171 2169 1224 2230 lra-

152 2285 273 2354 gmcnta
297 2277 325 2336 ei
348 2277 391 2336 rei
414 2275 507 2336 fidem
529 2276 664 2356 iaciunt,
692 2277 822 2338 colorem
845 2277 1006 2337 referentia
1030 2294 1124 2355 eum,
1149 2293 1229 2354 quem

152 2378 245 2439 habet
256 2380 453 2459 epigramma,
469 2380 640 2459 quodcum
656 2381 774 2442 tumulo
790 2399 847 2443 suo
862 2379 1063 2440 incidendum
1081 2380 1233 2458 reliquisse

152 2482 274 2562 scripsit
289 2483 404 2544 Gellius
418 2484 440 2544 l.
462 2483 512 2545 24.

238 2622 376 2684 Mortalis
392 2623 572 2685 immortdlis
585 2621 659 2703 licre
673 2623 703 2685 si
715 2621 794 2704 foret
807 2624 867 2705 scs,

236 2725 341 2805 flerent
357 2725 446 2787 (lione
463 2726 613 2788 Gomcnoe
629 2728 775 2789 Nacoiom
787 2734 917 2807 poetam.

238 2831 338 2910 itdqoc
351 2838 510 2910 postquem
526 2838 570 2891 cst
586 2830 696 2891 Oreine
711 2831 841 2891 trddr'tes
857 2831 1008 2908 thesauro,

237 2931 323 2993 obliti
335 2939 404 2994 scot
419 2933 529 2995 Romae
544 2931 658 3014 loqrrr‘cr
673 2934 781 2994 Latino
799 2934 912 3013 lingna.

152 3072 326 3130 Postremus
343 3072 564 3150 Romanorum,
584 3071 638 3150 qni
660 3070 717 3132 hoc
739 3080 835 3131 metro
858 3079 1014 3150 uteretur,
1035 3072 1139 3134 Varro
1156 3073 1246 3136 luisse

151 3172 275 3233 videtur
289 3175 321 3233 in
337 3175 448 3235 satiris.

539 3419 564 3424 —-
567 3419 846 3427 ——-.——-—-·

603 3630 717 3701 cAP.
735 3633 786 3701 X.

248 3797 308 3868 Dc
332 3799 542 3903 'versibus
570 3799 812 3870 secundum
840 3798 1148 3894 antipathiam·

555 3922 830 4014 compositis.

234 4102 350 4185 §526.
376 4108 493 4179 Quaen
517 4109 651 4169 metricis
673 4104 778 4191 μέτρα
801 4100 873 4170 κατ’
890 4098 1129 4176 ἀντιπάθειαι*
1145 4110 1243 4198 μικτὰ

152 4221 314 4289 vocantur,
342 4210 381 4271 de
397 4211 512 4290 quibus
528 4233 558 4272 v.
579 4232 671 4292 supra
694 4211 711 4294 ξ
730 4215 815 4291 tiit,
841 4214 1082 4292 cornpositiones
1101 4232 1182 4283 sunt
1194 4221 1243 4283 di-
