2804 4912
154 245 193 304 72
556 262 612 303 rm.
633 263 664 304 u.
699 262 761 303 mr.
780 263 827 303 rur.

153 416 255 477 omnia
270 433 331 475 non
355 414 444 489 modo
467 415 583 475 ratione
597 402 720 493 carent,
748 417 820 495 quia
836 435 897 477 non
913 426 1059 496 apparet,
1085 382 1219 496 europis)d
1284 432 1285 437 ’

153 520 183 578 in
200 517 299 598 prima
314 516 436 599 dipodia
452 519 558 596 liceat,
578 536 638 579 non
655 519 744 580 liceat
759 519 851 580 etiam
868 520 898 580 in
915 521 1042 596 ceteris,
1061 529 1094 582 et
1108 538 1158 583 our
1170 530 1216 581 err

154 621 311 700 tispastus‚
331 623 385 702 qui
400 620 440 682 ab
455 622 597 682 anaorusi
612 620 741 701 iambica
757 622 872 703 incipit,
892 632 923 683 et
938 624 970 684 in
986 623 1088 686 thesin
1104 622 1222 685 trochei·

154 744 222 786 cam
237 722 364 806 desinit,
383 743 445 786 non
460 724 572 786 habeat
587 733 767 804 utramque,
786 733 821 786 ut
836 743 893 803 par
908 736 964 804 est,
984 727 1165 806 ancipitem:
1182 721 1229 788 sed

153 829 244 890 etiam
256 847 421 917 numerum
433 827 583 907 praebent
597 826 673 888 adeo
689 827 830 906 fractum,
850 830 1000 908 ineptum,
1019 839 1051 892 et
1061 828 1231 907 morosum,

155 940 190 993 ut
208 932 311 993 statim
333 949 424 993 aures
444 949 578 991 errorem
601 950 730 1010 arguere
750 930 893 993 debeant.
928 930 1053 995 Accedit
1075 930 1163 1013 quod
1180 936 1239 996 La-

154 1035 210 1096 tini
232 1035 421 1114 grammatici
443 1034 503 1094 iarn
520 1035 670 1095 veriorem
685 1035 767 1095 viam
790 1035 919 1114 ingressi
944 1044 1018 1098 sunt
1033 1054 1148 1099 versus
1171 1036 1242 1099 istos

154 1137 365 1199 choriambicis
395 1136 524 1215 aliisque
555 1138 706 1213 numeris,
741 1155 803 1197 non
830 1140 1027 1218 antispastico
1055 1138 1156 1201 laotos
1179 1159 1245 1202 esso

156 1241 368 1320 intelligentes,

241 1447 264 1528 ξ
279 1443 356 1511 212.
382 1449 437 1508 Pes
453 1448 643 1526 antispastus
659 1467 696 1508 ex
711 1446 814 1509 iambo
830 1448 1033 1529 trochaeoque
1054 1453 1249 1531 compositus

156 1562 211 1614 est.
246 1551 332 1614 Vnde
348 1553 427 1613 hanc
441 1551 508 1611 eius
524 1568 700 1612 mensuram
717 1568 785 1611 esse
800 1560 945 1631 apparet:

240 1648 266 1698 ῦ
279 1652 304 1700 .’
317 1652 341 1700 L
355 1648 380 1697 ῦ
1283 1638 1285 1681 ¹

256 1772 365 1804 WW

156 1865 294 1943 Eamque
317 1880 447 1945 manere·
462 1879 588 1922 necesse
611 1866 658 1920 est
679 1860 771 1920 etiam
787 1859 842 1921 ubi
867 1862 973 1942 plures
996 1865 1164 1944 antispasti
1188 1888 1247 1930 uno

156 1987 250 2029 versu
271 1967 506 2044 coniunguntur.
522 2030 526 2037 ⁴
541 1964 618 2024 Nam
640 1961 799 2025 ordinibus
821 1964 982 2044 periodicis
1004 1968 1144 2048 copulari
1161 1973 1246 2034 anti-

156 2071 251 2150 spasti
266 2088 328 2130 non
339 2075 471 2149 possunt
482 2088 486 2124 :
507 2085 569 2146 quo
583 2065 663 2127 lacto
675 2084 749 2127 sane
761 2066 880 2146 syllaba
892 2087 1005 2149 anceps
1021 2071 1160 2149 inprimi
1173 2083 1246 2137 tan-

157 2186 224 2237 tum
240 2171 402 2252 antispasti
417 2171 501 2231 initio
516 2169 618 2229 locum
634 2168 777 2230 habitura
793 2178 891 2231 esset:

242 2269 534 2320 ῦᾼυαέυυᾼυ

156 2380 196 2443 At
211 2381 293 2441 enim
307 2379 357 2439 hic
371 2379 431 2438 iarn
447 2395 509 2438 non
524 2376 759 2456 antispasticus‚
782 2375 838 2437 sed
854 2377 1077 2441 choriambicus
1093 2400 1247 2453 numeram

157 2485 251 2561 foret,
278 2483 332 2562 qui
354 2479 495 2558 dactylici
511 2481 631 2560 generis
647 2489 703 2540 ost.
738 2480 931 2560 Omninoque
951 2500 1019 2543 raro
1034 2485 1144 2564 plures
1160 2491 1247 2551 anti-

138 2586 253 2666 ·spasti
268 2604 336 2646 sese
352 2584 525 2663 excipiunt,
550 2582 634 2663 quod
657 2583 705 2643 hic
726 2601 875 2645 numerus
892 2583 1059 2648 admodum
1079 2589 1245 2655 molestum

157 2698 188 2752 et
202 2689 417 2751 inconcinnum
430 2687 583 2747 incessum
599 2685 711 2762 habet;
731 2696 767 2748 ut
782 2689 807 2748 si
824 2689 893 2766 quis
905 2687 989 2749 hunc
1003 2691 1245 2759 choriambicum

156 2813 226 2857 cum
243 2793 310 2854 basi
324 2791 591 2872 grammaticorum
607 2809 690 2851 moro
705 2791 747 2850 ita
762 2788 896 2851 dividat:

242 2887 464 2972 κατθνάσκει,
487 2882 656 2976 Kelaithoi,
680 2881 783 2973 ἁβρὸς
800 2879 957 2975 ΙἌδωνις.
980 2886 1036 2979 cil
1053 2917 1089 2958 aa
1104 2898 1247 2981 θεῖμενς

242 3102 265 3183 δ
281 3099 357 3167 213.
384 3103 460 3164 Eam
476 3103 672 3182 asperitatem
688 3108 722 3161 ut
736 3100 868 3162 lenirent
882 3111 1007 3180 poetae,
1029 3104 1144 3183 partim
1159 3108 1248 3173 anti-

151 3217 297 3289 spastum
312 3213 468 3269 auxerunt
482 3223 543 3266 una
560 3203 689 3282 syllaba,
709 3222 770 3284 quo
786 3205 921 3266 nascitur
936 3204 1111 3285 dochmius‚
1131 3213 1248 3290 partim

157 3311 224 3372 aliis
240 3311 377 3371 numeris
393 3309 614 3386 consocerum,
634 3307 746 3387 partim
761 3307 927 3369 solutiones
943 3308 1067 3370 crebras
1083 3309 1248 3377 adhibue-

157 3423 240 3476 runt.
273 3411 445 3474 Anacrusin
468 3412 559 3472 etiam
580 3419 616 3472 ut
629 3410 798 3490 plurimum
814 3410 943 3472 brevem
964 3424 1145 3494 servarunt,
1172 3419 1249 3499 quia

158 3518 245 3598 longa
261 3518 292 3576 in
312 3525 374 3577 tam
398 3514 549 3576 imbecillo
571 3531 700 3575 numero
724 3514 826 3574 minus
842 3522 926 3594 grata
943 3523 1006 3592 est,
1033 3516 1093 3577 nisi
1116 3519 1249 3598 quidem

157 3621 294 3684 solvatur
309 3638 388 3700 quae
403 3637 472 3679 eam
488 3618 628 3697 sequitur
642 3618 730 3680 arsis.

243 3823 359 3906 5214.
387 3829 486 3888 Rarus
515 3834 563 3886 est
593 3833 781 3888 monometer
804 3825 1033 3905 antispasticus.
1070 3824 1250 3911 Aeschylus

157 3934 241 4011 Sept.
261 3929 302 3993 ad
317 3930 413 3992 Theb.
436 3931 505 3991 155.
529 3931 599 3990 tut.

243 4019 270 4094 ὦ
292 4022 401 4094 πότνι’
418 4023 518 4116 Ἥρα.

244 4130 272 4201 ὦ
293 4127 363 4224 φίλ’
378 4125 558 4198 Ἄπολλον.
