2804 4912
486 286 523 337 un
540 294 664 336 nnunnts
680 294 787 335 ninius
802 292 970 335 sueonos.

626 539 740 609 OAP.
758 539 833 609 111.

348 689 407 759 De
434 691 631 761 numeris
659 691 827 783 parium
854 699 1109 783 temporum.

275 860 297 941 ᾧ
314 856 388 923 108.
416 861 636 939 inveniuntur,
662 859 719 921 sod
733 879 818 939 rano,
844 860 965 921 numeni
980 879 1020 920 ex
1035 860 1108 921 solis
1123 860 1271 921 brevibus

166 962 227 1021 vel
258 964 327 1024 solis
342 963 439 1043 longis
452 964 641 1042 temporibus
657 965 825 1044 compositi,
845 964 977 1025 maxime
993 971 1096 1024 autem
1112 982 1151 1023 ex
1162 963 1272 1024 brevi-

162 1061 262 1127 bus,
293 1066 352 1128 Sed
368 1066 515 1128 videntur
528 1068 668 1147 plerique
688 1067 797 1129 saitem
819 1067 929 1127 honum
947 1085 1145 1128 numerorum
1163 1086 1201 1127 ex
1216 1087 1273 1128 so-

160 1163 356 1232 lutionibus
383 1171 433 1232 vei
462 1170 720 1232 contractionibus
748 1189 948 1233 numerorum
977 1171 1105 1250 imparia
1136 1179 1273 1249 tempora

155 1268 367 1335 habentium
390 1275 447 1335 orti
469 1293 555 1335 esse:
582 1275 623 1334 ita
645 1283 680 1335 nt
701 1293 763 1335 non
785 1275 905 1353 possint
919 1282 1020 1335 oentae
1035 1292 1141 1334 eorum
1157 1272 1272 1335 formae

153 1379 348 1458 constitui,
375 1397 455 1458 quae
471 1396 531 1439 non
548 1376 676 1438 eaedem
691 1378 771 1456 sint,
790 1387 883 1457 atque
898 1376 985 1457 iliae,
1012 1395 1092 1456 quae
1107 1378 1272 1458 imparium

152 1485 359 1561 temporum
374 1483 512 1544 numeris
528 1482 751 1543 contineantur.

278 1702 298 1786 ᾗ
315 1703 391 1770 109.
418 1704 650 1768 Attendendum
666 1708 698 1765 in
714 1705 762 1766 his
778 1707 915 1766 numeris
930 1705 970 1767 ad
985 1705 1177 1767 commodam
1193 1724 1271 1786 pno-

164 1809 425 1889 nuntiationem,
450 1830 571 1891 exque
594 1808 682 1870 focile
704 1808 888 1889 plenumque
910 1809 1076 1889 colligitur,
1102 1819 1207 1871 utrum
1231 1809 1271 1871 ad

169 1910 360 1992 tuehaeos,
391 1932 431 1973 an
456 1911 497 1973 ad
522 1913 656 1992 iambos,
686 1931 726 1972 an
753 1911 793 1974 ad
820 1921 1015 1992 anapaestos,
1046 1933 1086 1974 an
1109 1913 1150 1975 ad
1171 1912 1271 1974 doeh-

178 2004 315 2096 ffi'tuoos,
341 2018 373 2077 in
389 2035 451 2097 quo
465 2036 577 2096 genere
594 2016 792 2079 usitatissima
814 2026 862 2077 est
885 2016 1044 2097 longarum
1061 2018 1199 2077 omnium
1215 2036 1271 2079 so-

187 2106 282 2198 tutu,
296 2121 479 2198 pertineant.
500 2121 669 2181 .Tnoohaici
691 2122 811 2199 generis
831 2120 1008 2202 exemplum
1028 2130 1077 2182 est
1091 2141 1140 2201 ap.
1160 2120 1266 2203 Eunip.

118 2250 124 2315 t
198 2205 303 2289 inti.
325 2224 397 2285 tos.

119 2318 126 2361 t

121 2410 124 2415 ,
274 2335 375 2427 φόνος
390 2338 447 2406 ἐπὶ
462 2339 567 2431 φόνῳ,
584 2335 667 2424 tipo
682 2343 707 2407 τ’
725 2335 847 2426 όχοσιν.

118 2432 135 2515 ³¹.
206 2452 309 2523 iambici
325 2466 356 2525 in
371 2463 480 2527 Aesoh.
498 2467 596 2530 Prom.
617 2471 688 2530 903.

273 2572 447 2668 ἀπόλεμος
462 2578 519 2647 όόε
534 2577 561 2669 y'
581 2579 597 2648 ό
615 2580 773 2669 πόλεμος,
791 2577 905 2667 όπορα
922 2581 1074 2670 πόριμος.

118 2694 123 2729 '¹
196 2698 379 2785 Anapaesttoi
395 2706 478 2787 apud
494 2707 748 2789 Hephaestionem
763 2729 794 2790 p.
808 2712 848 2770 ut
869 2708 944 2790 (ts).

270 2819 322 2900 τίς
337 2815 417 2910 όρεα
431 2822 614 2909 βαθόκομα
629 2821 703 2890 τόδ’
720 2823 861 2892 ἐπέσυτο
877 2830 1015 2914 βροτῶν.

187 2945 358 3009 Dochmiaoi
375 2947 458 3028 apud
474 2950 654 3029 Sophoclem
670 2949 746 3012 Oed.
766 2950 801 3010 R.
825 2952 916 3012 1313.

268 3062 371 3154 νέφος
385 3062 463 3149 ἐμὸν
478 3060 676 3153 ἀπότροπον
691 3062 915 3150 ἐπιπλόμενον
930 3059 1071 3155 όφατον.

267 3294 386 3377 §titt
412 3295 577 3377 Spondiaoi
606 3297 727 3358 numeni
749 3296 812 3357 fene
835 3295 875 3357 ad
896 3304 1078 3377 anapaestos
1099 3297 1264 3376 pertinent.

177 3401 333 3463 Molossioi
355 3401 491 3462 inusitati
514 3409 602 3478 sunt,
628 3399 701 3461 licet
722 3401 950 3461 commemorati
970 3419 987 3460 o
1009 3400 1102 3461 Mario
1117 3400 1268 3461 Viotonino

174 3523 208 3584 p.
233 3505 330 3565 usto.
350 3523 415 3583 seq.
435 3506 489 3583 qui
504 3504 560 3565 hoc
576 3504 752 3583 exemplum
768 3506 872 3582 ponit:

268 3626 308 3685 ite
324 3643 340 3683 o
357 3625 488 3704 Spartae
501 3627 650 3705 primores
665 3623 765 3703 fauste
779 3643 859 3685 nunc
873 3643 986 3704 porcos
1001 3624 1149 3686 ducentes.

571 3930 879 3943 m·-
