2804 4912
729 100 742 131 t

255 307 275 368 2
669 308 906 370 'mimi

342 477 412 559 55.
446 480 584 559 Denique
607 481 786 541 innatam
809 479 898 540 nobis
919 498 987 540 eam
1009 480 1115 567 legem,
1129 500 1197 543 esse
1213 500 1345 543 necesse

257 591 320 661 est,
346 583 366 643 i.
385 601 412 644 e.
432 601 448 644 a
470 583 563 664 priori
585 593 715 663 certam,
741 592 777 645 ιιι
790 583 963 662 philosophi
979 584 1164 664 loquuntur,
1190 586 1344 664 quianon

256 684 419 765 discendo,
444 685 501 748 sed
520 705 577 766 per
596 706 630 749 se
651 687 852 767 cognoscitur.
886 689 962 748 Nam
982 688 1009 748 si
1031 689 1222 768 empirica
1246 699 1341 768 esset,

256 789 276 850 i.
292 809 319 850 e.
338 789 459 851 condita
475 789 643 870 abaliquo,
662 809 724 852 non
740 799 823 851 esset
836 799 917 869 nota,
936 790 996 852 nisi
1011 791 1065 870 qui
1081 809 1149 851 eam
1165 791 1340 869 didicisset;

256 902 422 974 possetque
437 902 469 954 et
483 894 595 955 mutari
611 903 642 957 et
656 893 805 977 abrogari.

341 1096 408 1181 §ii
436 1101 551 1163 Caussa
563 1100 711 1162 obiectiva
723 1100 925 1162 successionis
941 1099 1162 1162 efficientia
1178 1111 1236 1163 est.
1262 1101 1343 1164 Nam

257 1203 410 1283 quidquid
425 1223 482 1284 per
496 1224 530 1266 se
545 1204 604 1266 sibi
621 1203 767 1283 succedit,
787 1204 826 1265 ita
843 1212 888 1281 ut,
907 1202 991 1282 quod
1005 1204 1092 1284 prius
1108 1213 1166 1283 est,
1185 1223 1247 1265 non
1261 1223 1342 1285 pos-

255 1308 296 1368 sit
316 1308 407 1368 etiam
428 1309 581 1388 posterius
604 1326 690 1385 esse;
720 1305 805 1388 quod
830 1315 932 1368 autem
958 1308 1129 1387 posterius,
1158 1326 1219 1368 non
1246 1310 1342 1370 etiam
1398 1328 1400 1335 ⁴

254 1411 359 1490 prius:
393 1409 426 1471 id
452 1410 611 1473 efficientia
637 1411 827 1489 continetur,
861 1427 941 1490 quae
966 1419 1014 1472 est
1039 1428 1218 1473 caussarum
1245 1421 1342 1492 atque

256 1513 420 1575 effectuum
445 1516 601 1576 connexio.
638 1514 753 1576 Caussa
781 1513 929 1576 ohieetiva
956 1515 1163 1576 continuitatis
1189 1515 1343 1576 cohae-

256 1618 381 1682 rentia
396 1627 452 1681 est
484 1616 644 1699 Quidquid
657 1619 739 1681 enim
755 1637 858 1698 perse
874 1600 1053 1683 continuum
1068 1627 1129 1698 est,
1154 1619 1196 1679 ita
1211 1628 1248 1681 ut
1260 1638 1342 1698 par-

256 1729 302 1783 tes
324 1722 390 1783 eius
412 1740 473 1783 non
488 1721 547 1785 alia
562 1723 647 1790 iuxta
662 1722 754 1785 aliam
768 1723 867 1803 posita
890 1722 948 1801 sit,
976 1720 1060 1806 quod
1081 1721 1148 1785 fieri
1161 1739 1223 1785 nou
1238 1731 1343 1803 potest

255 1825 314 1885 nisi
334 1842 431 1887 vacuo
446 1825 549 1906 aliquo
571 1827 668 1906 spatio
683 1825 801 1904 relicto,
827 1823 884 1886 sed
906 1832 942 1886 ut
961 1843 1067 1886 omnes
1089 1843 1188 1886 unum
1203 1826 1341 1904 spatium

255 1937 353 1990 totum
368 1929 530 2010 impleant:
549 1927 583 1991 id
597 1929 789 1993 cohaerentia
802 1929 988 2007 continetur,
1002 1947 1081 2008 quae
1097 1937 1144 1992 est
1158 1937 1342 2009 perpetuata

255 2051 311 2112 per
325 2041 429 2112 partes
444 2051 551 2095 omnes
566 2032 678 2097 unitas.
708 2033 814 2113 Itaque
830 2032 977 2095 haetenus
992 2049 1141 2097 numerus
1156 2040 1203 2093 est
1217 2033 1342 2095 series

255 2153 480 2197 caussarum
495 2144 615 2216 atque
630 2134 870 2212 effectuum;
889 2135 1078 2217 symmetria,
1097 2135 1226 2200 series
1240 2153 1342 2214 par-

255 2239 353 2303 tium
369 2238 688 2302 cohaerentium.
718 2239 821 2302 Partes
836 2247 939 2301 autem
956 2247 987 2300 et
1001 2238 1223 2301 cohaerentiam
1240 2255 1341 2318 quum

255 2341 397 2421 dicimus,
413 2344 444 2403 in
459 2342 517 2405 bac
532 2344 614 2405 omni
630 2342 836 2424 disputatione
852 2360 887 2403 ea
904 2349 1035 2421 tantum,
1050 2360 1129 2422 quae
1145 2342 1243 2422 spatio
1258 2359 1342 2403 con-

254 2447 400 2525 tinentur,
420 2445 564 2509 volumus
578 2447 715 2527 inteihgi.

339 2653 364 2734 ξ
379 2649 410 2715 7.
443 2655 595 2727 Quoniam
610 2655 643 2714 in
658 2670 788 2718 numero
802 2653 1044 2732 symmetriaque
1063 2671 1124 2715 non
1144 2651 1288 2729 materia,
1315 2653 1336 2712 i.

254 2776 282 2817 e.
300 2775 350 2820 res
370 2776 449 2838 qttae
470 2757 530 2820 sihi
548 2755 721 2822 succedunt
740 2764 1007 2836 coagmentataeve
1029 2763 1119 2834 sunt,
1146 2753 1203 2817 sed
1225 2752 1335 2833 torma,

253 2862 273 2922 i.
292 2880 320 2923 e.
339 2861 402 2924 sola
424 2871 561 2941 tempora
584 2869 616 2923 et
636 2861 734 2940 spatia
755 2868 949 2941 spectantur:
979 2869 1117 2938 tempora
1141 2866 1245 2919 autem
1268 2859 1340 2938 ipsa

253 2983 315 3027 nou
327 2963 412 3026 aliud
426 2983 466 3026 ex
481 2965 540 3026 alio
555 2973 736 3045 naseuntur,
750 2983 807 3026 uec
820 2965 920 3042 spatia
935 2964 1002 3043 ipsa
1013 2960 1072 3024 alia
1087 2963 1217 3025 aliorum
1232 2970 1340 3040 partes

253 3076 343 3130 sunt:
369 3066 589 3148 descriptiones
603 3087 710 3131 eorum
725 3069 768 3131 ita
781 3076 970 3146 comparatas
986 3084 1054 3129 esse
1069 3083 1194 3129 neeesse
1212 3074 1275 3145 est,
1303 3075 1360 3142 ut,

253 3171 338 3250 ipsae
357 3188 414 3249 per
432 3190 466 3233 se
481 3171 645 3252 imaginem
660 3171 826 3237 exhibeant
848 3189 952 3235 rerum
971 3168 1134 3234 efficientia
1149 3169 1200 3231 vel
1220 3169 1340 3231 cohae-

253 3275 350 3338 rentia
371 3275 593 3356 copulatarum.
629 3276 735 3355 ltaque
758 3276 820 3336 iam
841 3292 989 3339 numerus
1012 3281 1060 3336 est
1085 3273 1211 3352 imago
1232 3270 1340 3333 etti-

252 3379 427 3439 cientiae
462 3397 533 3460 per
568 3387 748 3457 tempora
785 3385 1111 3459 repraesentata,
1156 3377 1338 3454 symmetria

252 3491 373 3562 autem,
420 3482 548 3561 imago
591 3481 877 3543 cohaerentiae
914 3487 1225 3562 repraesentata
1265 3497 1340 3557 per

252 3586 394 3665 spatia.

337 3792 362 3873 ξ
376 3788 408 3856 8.
441 3792 508 3855 Non
523 3799 741 3872 potestantem
758 3791 847 3855 aiiter
860 3793 892 3852 in
907 3791 983 3873 ipsis
997 3789 1189 3871 temporibus
1204 3791 1338 3870 spatiis-

252 3915 313 3976 que
328 3913 475 3976 expressa
490 3914 638 3976 apparere
659 3897 759 3975 imago
780 3895 883 3975 aliqua
902 3892 1082 3957 efficientiae
1096 3892 1146 3955 vel
1162 3892 1339 3955 cohaeren-

252 4001 322 4079 tiae,
340 4001 399 4061 nisi
414 3999 606 4079 temporibus
620 4001 789 4080 spatiisque
804 4017 840 4060 ea
855 3998 1049 4081 proportione
1061 3996 1233 4078 descriptis,
1253 4014 1336 4076 quae

252 4102 301 4166 vel
323 4104 403 4164 inter
423 4121 549 4166 caussas
564 4113 656 4184 atque
679 4103 822 4180 effecum,
849 4101 905 4162 vel·
917 4102 997 4163 inter
1016 4110 1120 4180 partes
1141 4100 1335 4162 cohaerentia

252 4207 408 4287 copulatas
423 4217 479 4268 est.
506 4208 550 4266 Ea
565 4207 720 4286 proportio
735 4215 837 4266 autem
853 4206 885 4264 in
901 4205 1143 4284 aequalitate
1158 4204 1256 4284 posita
1272 4213 1332 4266 est.
