2804 4912
495 301 531 341 nr
547 300 679 347 vautort
694 302 729 345 ιτ
746 300 929 347 statuaris.
1214 285 1254 347 ib

166 452 205 511 iu
219 449 379 530 dactylicis
394 455 548 532 uomens,
573 455 600 514 si
623 473 684 516 una
706 453 826 532 syllaba
842 454 950 515 ultimo
964 452 1037 533 pedi
1052 453 1155 534 deest,
1182 474 1254 516 ca-

165 553 355 615 talectici
371 555 409 614 in
425 552 680 636 disyllabum
697 566 856 636 vocantur,
873 566 908 619 ut

256 656 468 735 Lw-w..u3

164 761 217 823 siu
233 759 324 840 duae,
344 761 580 825 catalectici
595 762 627 823 iu
643 762 806 842 syllabam,
825 773 860 825 ut

256 862 435 925 :vo-w„

255 1049 352 1134 547.
394 1053 750 1131 Brachycataiecti
777 1055 938 1134 dicuntur,
970 1075 1099 1136 quorum
1128 1059 1251 1119 ultimae

163 1155 312 1238 dipodiae
328 1157 446 1236 integer
460 1175 516 1237 pes
531 1156 629 1235 deest,
647 1167 684 1219 nt

255 1257 353 1305 thJ..
364 1257 370 1343 Ι
382 1257 477 1306 υέυ-
490 1257 497 1343 ι
508 1259 568 1320 ul..

254 1444 348 1530 548.
379 1449 714 1529 Hyperoataleoti
735 1461 892 1529 vocantur,
918 1451 1032 1532 quibus
1048 1464 1173 1533 superat
1188 1472 1249 1515 nna

163 1550 299 1631 syllaba,
318 1561 354 1613 ut

252 1653 349 1700 uLu-
363 1652 366 1737 J
380 1655 477 1699 υ-ὐ.
491 1651 495 1740 ἱ
508 1655 631 1702 νέω-υ

161 1759 288 1832 Quibus
303 1759 345 1836 si,
371 1757 453 1837 quod
468 1757 556 1820 deest
570 1758 610 1821 ad
627 1763 776 1839 integrum
792 1759 920 1839 pedam,
945 1759 1084 1840 additur,
1111 1762 1248 1841 brachy-

162 1863 303 1925 catalecti
319 1865 407 1944 fiunt,

253 1965 348 2013 υέυ-
362 1967 366 2052 ¹
379 1968 477 2015 va-
490 1968 495 2052 i
507 1964 651 2014 υέυω..

165 2069 217 2129 Sic
231 2072 313 2130 enim
329 2073 441 2133 rectius
454 2069 681 2149 describuntur,
697 2068 797 2131 tribus
813 2069 947 2150 pedibus
963 2088 1024 2131 uno
1039 2069 1145 2133 ordine
1158 2091 1247 2133 corn-

172 2172 337 2253 prehensis,
357 2193 449 2254 quarn
466 2193 537 2236 uno.

249 2377 347 2461 549.
389 2383 570 2462 Systema
597 2379 710 2442 dicitur
732 2380 869 2460 plurium
895 2400 1038 2443 versuum
1065 2391 1244 2462 perpetuata

161 2484 351 2564 coniunctio,
377 2484 486 2546 iisdem
509 2484 735 2546 conditionibus
758 2483 917 2563 adstricta,
944 2485 1057 2564 quihus
1076 2484 1198 2547 ordines
1214 2486 1244 2545 in

160 2604 288 2648 versum
304 2588 540 2668 coniunguntur.

596 2921 812 2991 (taem

262 3072 313 3140 De
331 3072 465 3143 numeri
484 3071 605 3142 musici
624 3094 702 3142 curn
721 3071 864 3140 metrico
884 3069 1136 3140 coniunctione.

248 3238 340 3320 550.
374 3242 488 3306 Musica
503 3260 601 3321 quum
616 3250 647 3305 et
661 3241 783 3322 plures,
808 3258 901 3319 quam
917 3239 995 3301 duas
1011 3258 1188 3320 mensuras,
1212 3249 1243 3301 et

158 3362 362 3407 numerorum
388 3345 531 3406 maiorem
559 3345 759 3409 variationem
789 3343 945 3421 admittat,
979 3361 1073 3423 quam
1104 3343 1239 3422 metrica,

158 3465 242 3526 quae
257 3446 298 3508 ad
313 3448 409 3509 solam
425 3449 631 3511 recitationem
646 3466 792 3511 versuum
808 3455 937 3528 spectat,
958 3447 1167 3509 necessarium
1181 3455 1239 3525 est,

158 3569 311 3612 versuum
333 3569 477 3612 numeros
500 3560 593 3613 cantu
613 3550 751 3612 nonnihil
774 3551 895 3612 mutari
932 3550 1069 3621 Quarum
1092 3551 1242 3615 mutatio-

158 3671 238 3714 num
253 3653 380 3732 indicia‚
400 3653 614 3716 deficientibus
629 3655 813 3734 scriptorum
828 3673 863 3715 ea
879 3653 919 3715 de
934 3671 967 3713 re
982 3653 1179 3731 testimoniis,
1202 3671 1241 3712 ex

158 3757 227 3837 ipsa
244 3765 411 3821 metrorum
427 3757 678 3836 conformatione,
703 3755 897 3818 difficultates
912 3755 1063 3836 quasdam
1077 3756 1165 3817 aliter
1180 3774 1240 3817 non

159 3859 359 3936 explicabiles
376 3859 593 3940 obiicientium,
616 3860 808 3939 colliguntur.
842 3861 963 3921 Detecta
978 3870 1026 3922 ast
1040 3868 1143 3921 autem
1159 3858 1241 3920 huc-

157 3978 261 4039 usque
291 3962 402 4042 triplex
431 3965 552 4025 uumeri
577 3964 685 4026 musici
711 3981 782 4024 oum
809 3964 934 4024 metrico
955 3962 1141 4038 coniunctio,
1171 3979 1242 4040 per

157 4083 377 4126 mensuram
407 4067 571 4127 metrica
608 4067 811 4147 maiorem,
852 4082 1130 4145 perpensam,
1171 4081 1241 4142 per

155 4168 479 4247 paracatalogeu.
