2804 4912
341 378 345 385 ¹
417 327 453 369 ur
469 325 641 368 crannum
657 324 801 367 cuonrcrs.
1091 305 1154 367 243

68 480 240 560 anapaesti,
257 479 398 557 trochaei,
418 478 523 556 iambi,
543 480 642 558 utqui
657 496 718 538 non
731 485 890 555 canantur,
911 475 965 537 sed
976 477 1152 555 recitentur,
1260 493 1263 497 ’

68 602 174 662 neque
200 602 216 642 a
241 582 348 660 choro,
379 579 435 642 sed
461 599 478 642 a
506 581 676 661 coryphaeo
699 589 752 640 aut
778 580 881 660 aliquo
903 579 961 640 alic
983 587 1152 641 cantorum.

67 688 176 747 Latius
203 694 328 746 extensa
359 684 578 762 significatione
607 684 739 744 nominis
768 701 846 745 usus
874 691 921 744 est
941 683 1037 763 Heph.
1064 703 1095 764 p.
1115 682 1155 745 to

74 789 175 871 (⁴28).

158 991 274 1075 §tibh
305 997 411 1075 Neque
439 997 643 1058 stasimum
672 993 713 1056 ab
737 1014 790 1074 eo,
818 993 902 1075 quod
923 996 1068 1056 immotus
1098 1003 1159 1056 stet

69 1100 199 1169 chorus,
222 1098 338 1161 dictum
354 1107 417 1177 est,
443 1098 498 1160 sed
514 1098 597 1178 qnod
613 1117 629 1159 a
647 1100 738 1159 choro
753 1117 814 1159 non
832 1097 994 1160 accedente
1009 1100 1154 1179 primurn,

70 1211 105 1263 et
120 1201 242 1264 ordines
257 1202 446 1282 explicante,
470 1201 526 1262 sed
549 1204 610 1262 iarn
626 1211 749 1262 tenente
766 1202 911 1263 stationes
930 1219 1002 1263 suas
1018 1210 1154 1264 canatur.

160 1409 184 1489 ξ
198 1405 275 1472 667.
303 1410 473 1493 Vtrumque
485 1427 582 1488 genus
595 1409 652 1469 hoc
663 1427 825 1469 commune
837 1408 961 1487 habent,
978 1408 1062 1489 quod
1074 1411 1160 1471 anti-

71 1513 227 1594 strophica
249 1521 338 1591 sunt,
365 1521 396 1574 et
416 1511 542 1591 quidem
566 1513 624 1589 ita,
649 1520 685 1572 ut
706 1513 863 1592 stropham
886 1514 989 1574 statim
1013 1522 1162 1592 sequatur

73 1615 282 1696 antistropha,
308 1616 450 1695 strophae
473 1616 558 1694 ipsae
573 1623 676 1675 autern
693 1617 773 1676 inter
787 1635 820 1677 se
837 1616 977 1677 diversae
1000 1618 1079 1696 sint,
1106 1616 1162 1678 hoc

74 1718 183 1783 modo:
210 1721 253 1781 α’.
274 1719 316 1780 α’.
334 1712 377 1799 β’.
396 1711 438 1798 β’.
458 1712 496 1799 γ’.
516 1711 554 1802 y'.

163 1922 278 2006 5668.
313 1924 480 1987 Prcodus
511 1926 542 1986 in
572 1934 682 1987 neutro
709 1943 819 2005 genere
850 1935 995 2007 usurpata
1019 1925 1157 1988 videtur:

75 2029 231 2110 epodus
254 2049 315 2090 non
331 2039 379 2090 est
394 2030 576 2090 necessaria.
609 2027 803 2090 Mesodum
821 2049 880 2090 non
898 2029 960 2090 vidi
975 2033 1006 2091 in
1022 2033 1158 2110 stasimo,

74 2134 138 2195 nisi
152 2133 184 2193 in
200 2133 308 2194 Oreste
323 2151 352 2194 v.
373 2134 566 2194 sat-833.
632 2211 635 2215 Ι

166 2335 245 2404 669.
272 2339 437 2421 Epodus
452 2348 483 2402 et
498 2340 528 2400 in
545 2340 661 2420 paredo
680 2341 779 2402 locum
793 2340 896 2422 habet,
912 2350 948 2403 ut
963 2343 1165 2423 inHippolyto

77 2453 110 2506 et
125 2444 155 2503 in
172 2443 326 2524 Iphigenia
342 2442 517 2523 Aulidensi,
545 2446 622 2505 etin
638 2446 774 2506 stasimo,
807 2444 869 2506 Sed
889 2445 1041 2525 quaedam
1056 2444 1165 2527 parodi

77 2545 178 2607 videri
199 2556 330 2627 possunt
350 2547 484 2628 epodum
506 2548 597 2609 etiam
621 2550 653 2608 in
669 2548 770 2609 medio
791 2548 919 2629 habere,
943 2559 979 2611 ut
1000 2551 1031 2610 in
1052 2551 1159 2633 Persis,

76 2651 110 2710 in
124 2647 368 2730 Agamemnone,
393 2653 425 2713 in
441 2652 623 2713 Phoenissis.
656 2650 696 2712 At
709 2651 748 2713 de
772 2652 819 2712 his
835 2653 878 2714 sic
896 2655 997 2731 potius
1020 2661 1166 2716 statuen-

79 2752 168 2833 dum,
183 2750 283 2834 epodo
295 2754 373 2815 finiri
384 2754 553 2835 parodum3
573 2765 640 2817 tum
656 2753 822 2816 succedere
833 2758 1005 2817 stasimnm.
1032 2757 1066 2817 ln
1078 2757 1167 2837 lphi-

80 2858 169 2936 genia
185 2855 345 2918 Aulidensi
360 2876 441 2937 quae
462 2867 532 2939 post
555 2857 688 2939 epodum
704 2879 722 2920 a
737 2879 768 2919 v.
789 2859 861 2920 23l.
881 2858 1034 2940 leguntur,
1053 2878 1167 2922 recen-

81 2961 166 3022 tioris
189 2962 318 3041 eiusque
334 2961 423 3022 valde
444 2963 540 3043 inepti
554 2971 663 3042 poetae
685 2980 796 3024 versus
811 2971 894 3024 sunt.
921 2964 991 3024 Veri
1006 2965 1105 3025 simile
1121 2972 1168 3025 est

81 3064 222 3145 strophas
238 3083 299 3125 non
315 3083 331 3125 a
348 3072 410 3126 toto
421 3065 522 3145 choro,
542 3064 661 3127 sedvel
676 3066 717 3127 ab
731 3065 924 3127 bemichoriis
936 3065 986 3127 vel
998 3066 1038 3127 ab
1053 3067 1169 3148 aliquot

80 3168 261 3230 cantoribus
283 3177 420 3230 cantatas
443 3186 528 3250 esse,
554 3187 714 3249 quumque
738 3170 850 3231 chorus
873 3171 1006 3250 tragicus
1029 3179 1168 3232 cantores

83 3272 227 3333 habuerit
252 3271 446 3351 quindecim,
472 3271 618 3334 credibile
643 3282 690 3335 est
712 3275 824 3354 q'uinos
854 3273 1028 3354 stropham,
1057 3273 1168 3353 quinos

83 3375 322 3456 antistropham,
355 3376 465 3455 quinos
492 3375 626 3456 epodum
656 3378 811 3438 cecinisse.
858 3379 944 3450 Quae
974 3378 1005 3438 in
1032 3376 1170 3458 Agame-

83 3498 197 3540 mnone
220 3499 238 3541 a
261 3499 291 3541 v.
317 3479 388 3540 483.
415 3477 533 3560 epodus
555 3489 623 3560 est,¹
645 3500 714 3542 eam
737 3489 883 3561 quattuor
904 3481 1066 3563 deinceps,
1091 3481 1170 3544 alius

83 3582 180 3645 alium
196 3584 400 3663 excipientes,
419 3601 528 3645 canere
543 3583 704 3666 videntur,
728 3592 847 3648 tacente
862 3586 917 3666 qui
932 3583 1053 3648 medius
1068 3585 1171 3648 stabat

83 3688 265 3767 coryphaeo.

172 3889 287 3974 3670.
314 3894 380 3957 Non
395 3894 519 3957 videtur
533 3893 668 3957 dubitari
683 3914 791 3977 posse,
818 3899 894 3976 quin
909 3897 1125 3978 antistrophica
1141 3907 1172 3960 et

85 3996 212 4079 apodica
234 3999 421 4061 cantieorum
446 3999 623 4078 compositio
651 4017 721 4060 cum
742 4000 832 4061 certis
853 4000 937 4062 chon'
959 4001 991 4060 in
1018 4001 1171 4063 orchestra

86 4100 280 4182 stationibus,
293 4082 432 4162 eamdem
441 4100 646 4163 referentibus
654 4102 882 4182 aequalitatem,
893 4104 1053 4166 coniuncta
1066 4103 1167 4167 fuerit.

85 4205 193 4285 ltaque
210 4202 337 4283 epodioa
352 4207 478 4266 siceota
495 4207 660 4285 suspicere,
680 4214 716 4266 ut
730 4206 851 4286 chonrs,
872 4204 947 4268 dum
963 4207 1104 4286 strophas
1119 4217 1172 4268 at-

912 4325 969 4376 16*
