2804 4912
226 339 252 380 tv
683 336 852 379 PRAEFATIO.

227 489 360 572 exprimi
376 507 558 552 caussarum
573 492 666 569 atque
683 487 849 552 effectuum
865 487 1055 552 consociatio
1071 487 1203 564 dicatur,
1218 508 1313 569 quum

227 602 331 660 tamen
348 601 490 678 tempora
504 595 575 678 ipsa
591 614 647 678 per
662 614 774 659 senon
789 594 876 659 aliud
892 615 931 659 ex
946 595 1009 659 alio
1020 600 1200 659 nascantur.
1227 593 1313 671 Quo-

227 702 311 767 niam
334 702 417 766 enim
439 701 602 767 brevitatis
623 721 736 766 caussa
755 722 851 786 saepe
873 702 912 767 de
932 703 1124 786 temporibus
1146 703 1191 767 ita
1212 701 1314 784 loqui-

227 832 306 888 mar,
324 816 484 891 tamquam
501 809 528 873 si
543 808 614 892 ipsa
629 828 761 873 caussae
777 809 967 892 effectusque
983 810 1057 887 sint,
1075 810 1311 887 obliviscuntur,

228 918 311 1001 quod
335 937 458 1000 semper
472 916 616 980 volumus
631 917 783 1000 intelligi,
808 918 979 1000 imaginem
994 924 1116 982 tantum
1132 937 1314 982 caussarum

229 1024 458 1090 consecutionis
470 1043 540 1087 esse
556 1042 713 1088 numeros.
739 1024 849 1107 Imago
864 1031 969 1090 autem
985 1024 1064 1088 illud
1079 1031 1139 1102 est,
1153 1025 1236 1107 quod
1252 1046 1314 1088 non

228 1139 340 1216 suapte
355 1131 491 1213 quadam
508 1137 621 1194 natura
635 1137 690 1195 aut
704 1132 893 1210 necessitate
907 1132 970 1196 tale
985 1139 1045 1208 est,
1070 1134 1162 1214 quale
1178 1139 1237 1211 est,
1259 1132 1314 1196 sed

228 1240 312 1323 quod
334 1245 517 1323 propterea,
541 1242 575 1301 ut
598 1238 734 1321 speeiem
750 1239 865 1304 referat
879 1238 962 1304 alius
977 1240 1040 1316 rei,
1066 1239 1212 1317 easdem,
1237 1259 1315 1322 quas

229 1350 286 1413 illa
307 1367 375 1423 res,
404 1352 510 1430 partes
533 1343 811 1429 proportionesque
836 1347 971 1429 partium
994 1345 1098 1410 habet.
1135 1346 1194 1411 His
1220 1345 1315 1428 igitur

230 1455 365 1531 suadeo,
395 1460 429 1517 ut
454 1453 536 1517 hanc
562 1472 686 1517 omnem
707 1453 860 1518 rationem
881 1453 914 1516 in
937 1453 1091 1518 eiusmodi
1117 1453 1316 1537 potissimum

230 1561 383 1645 exemplis
413 1561 627 1636 considerent,
659 1560 692 1622 in
722 1559 835 1642 quibus
861 1580 1009 1625 numerus
1037 1561 1120 1626 inest
1145 1581 1215 1625 cam
1241 1580 1316 1625 vera

230 1689 412 1734 caussarum
441 1673 536 1750 atquc
565 1667 732 1732 effectuum
761 1668 979 1749 progressione
1008 1668 1203 1734 coniunctus.
1243 1669 1316 1732 Non

231 1784 303 1843 sunt
325 1784 431 1844 autem
452 1775 518 1839 ulla
537 1775 580 1839 ad
601 1774 684 1839 hune
705 1773 799 1837 finem
820 1775 922 1856 magis
944 1781 1021 1859 apta
1035 1777 1197 1860 exempla,
1222 1796 1316 1859 quam

231 1905 312 1967 quae
333 1885 374 1948 ab
388 1884 531 1959 incessu,
555 1901 664 1960 cursu,
689 1882 770 1945 saltu
785 1882 835 1946 vel
851 1881 1012 1948 hominum
1028 1884 1079 1948 vel
1094 1903 1244 1966 equorum
1260 1883 1317 1948 de-

231 1997 424 2075 promuntur.
450 1991 553 2054 Vnum
569 1988 713 2065 afferam,
727 2007 767 2053 ex
783 2008 844 2070 quo
859 1988 993 2072 intelligi
1009 1990 1133 2074 poterit,
1148 2011 1202 2054 cur
1217 1991 1314 2068 basis,

232 2119 326 2181 quam
340 2116 501 2174 vocamus,
520 2115 644 2178 semper
658 2101 732 2160 ante
746 2095 850 2174 arsin,
875 2117 1045 2180 numquam
1061 2103 1135 2162 ante
1150 2098 1317 2162 anacrusin

232 2206 420 2272 inveniatur.
454 2202 514 2280 Qui
529 2222 593 2267 non
608 2221 626 2266 e
641 2222 746 2280 cursu,
771 2202 828 2267 sed
842 2222 882 2268 ex
896 2204 978 2288 ipso,
1003 2204 1036 2268 in
1052 2225 1113 2288 quo
1128 2211 1224 2282 stant,
1249 2207 1317 2269 loco

232 2313 366 2398 pedibus
381 2311 495 2376 iunctis
510 2310 562 2375 rel
577 2309 694 2374 fossam
710 2311 761 2374 vel
777 2310 883 2375 funem
898 2312 1072 2377 transsilire
1087 2313 1206 2388 volant,
1228 2311 1317 2376 colli-

232 2421 406 2504 gendarum
422 2417 535 2483 virium
552 2436 665 2482 caussa
680 2417 781 2501 primo
796 2417 845 2482 bis
861 2419 1005 2485 subsilire
1025 2421 1143 2498 solent,
1167 2427 1233 2484 tum
1255 2426 1319 2484 ter-

232 2530 322 2605 tium,
336 2525 474 2592 collectis
486 2524 616 2602 viribus,
631 2524 732 2601 illum,
742 2545 834 2608 quem
849 2526 1007 2604 volebant,
1022 2528 1137 2592 saltum
1150 2533 1315 2612 peragunt.

232 2637 313 2699 llum
329 2633 489 2716 geminum
504 2633 677 2696 subsultum
692 2631 779 2697 basis
795 2631 901 2698 refert.
933 2634 1027 2699 Nune
1045 2634 1190 2700 subsiliat
1204 2634 1318 2717 aliquis

233 2745 297 2820 ita,
322 2748 352 2806 et
371 2740 486 2805 deinde
507 2759 568 2803 uno
590 2739 671 2822 pede
689 2759 833 2822 gressum
855 2740 952 2805 saciat
966 2741 1008 2806 ad
1024 2741 1174 2825 impetum
1190 2742 1319 2825 capien-

232 2851 320 2927 dam,
345 2850 443 2913 altero
458 2853 564 2910 autem
579 2852 693 2911 terram
711 2847 832 2930 pellens
846 2847 1039 2913 transsiliat:
1064 2849 1170 2913 statim
1186 2849 1317 2926 videbit,

234 2976 345 3041 gressu
359 2956 425 3032 illo,
440 2974 501 3036 quo
516 2955 667 3036 impetum
683 2954 839 3038 capiebat,
856 2954 908 3036 qui
924 2973 1052 3037 gressus
1067 2963 1116 3021 est
1130 2976 1319 3022 anacruseos

235 3066 323 3140 loco,
348 3060 710 3127 collectas-subsiliendo
730 3061 813 3127 vires
833 3081 955 3127 rursum
976 3062 1110 3140 dimitti,
1135 3084 1320 3146 omnemque

235 3172 323 3235 illam
338 3169 597 3234 subsultationem
613 3167 755 3232 inutilem
771 3169 871 3233 reddi.

322 3277 518 3354 Secundum,
542 3275 625 3358 quod
640 3275 780 3358 plerique
795 3276 977 3359 negligunt,
1000 3277 1183 3342 exercitatio
1198 3278 1320 3342 aurium

236 3392 294 3451 est.
326 3384 409 3448 Nam
432 3383 516 3465 quod
534 3382 573 3447 de
588 3382 840 3465 pronuntiatione
856 3384 1060 3467 quorumdam
1076 3383 1239 3448 verborum
1254 3385 1321 3448 Va—

236 3492 332 3571 lerius
346 3491 466 3556 Probus
481 3489 567 3572 apud
582 3489 718 3554 Gellium
733 3489 779 3556 ait
800 3490 854 3554 lib.
873 3490 964 3554 XIII.
984 3508 1012 3553 c.
1032 3493 1083 3553 20.
1102 3511 1160 3552 nora
1172 3494 1321 3572 finitiones

236 3605 305 3665 illas
329 3600 550 3682 praerancidas
576 3618 672 3680 crepere
693 3597 856 3679 foetetiacs
879 3599 1097 3679 praeamaticas
1122 3600 1317 3679 spectaveras,

236 3710 289 3771 scd
305 3725 409 3769 arcrcnr
428 3713 510 3766 trram
526 3708 690 3788 interroga,
707 3726 764 3789 quo
776 3706 850 3786 qaid
865 3705 925 3766 loco
940 3705 1095 3766 coaceaiat
1109 3706 1226 3767 dicere:
1244 3706 1323 3787 quod

237 3792 290 3879 illa
306 3814 449 3889 arraserit,
476 3813 508 3874 id
520 3813 652 3894 profecto
667 3814 725 3874 erit
745 3813 962 3874 rectissimam:
985 3808 1088 3890 magis
1104 3808 1198 3874 etiam
1213 3809 1246 3873 in
1261 3829 1322 3872 nu-

238 3939 340 3986 meros
352 3916 496 4001 quadrat.
523 3916 586 3984 Sed
598 3925 633 3983 ut
643 3916 847 3982 instituantur
857 3935 950 3981 aures
965 3915 1007 3980 ad
1018 3935 1089 3981 eam
1101 3915 1319 3992 subtilitatem,

238 4049 301 4110 qua
319 4027 353 4091 in
374 4025 433 4091 boe
448 4029 562 4108 g'encre
577 4044 656 4109 opus
680 4031 745 4099 est,
770 4029 845 4088 ante
864 4023 971 4088 omnia
985 4022 1160 4088 recitationi
1176 4041 1322 4088 versuum

227 4155 366 4218 operam
381 4134 476 4213 dare,
501 4134 660 4215 multaque
682 4150 752 4196 eam
767 4129 991 4196 exercitatione
1005 4132 1148 4196 excolere
1163 4128 1320 4197 convenit.
