2804 4912
422 333 456 374 nn
474 332 645 373 sustentus
661 330 967 374 aurrsrnormconru.
1181 313 1238 373 251

153 487 226 566 quia
251 485 408 564 ancillam,
439 486 651 562 nuntiatam,
683 495 782 546 tacere
804 482 1020 546 conveniebat:
1052 484 1135 546 unde
1161 486 1245 547 vices

153 590 221 650 elus
238 589 328 649 aliam
344 607 506 668 personam
523 587 629 650 subire
650 607 776 650 necesse
798 598 854 649 est.
890 587 952 650 Scd
973 606 1008 648 ea
1030 605 1064 649 re
1079 588 1137 650 alio
1153 587 1244 650 modo

155 693 328 754 restituitur
343 693 512 772 aequalitas
529 691 691 772 quaedam.
726 691 813 754 Nunc
834 693 915 752 eninr
939 692 1078 771 singulae
1094 711 1244 772 personae

155 805 218 856 tres
241 795 357 857 hahent
379 797 541 858 trimetros.
580 798 707 859 Constat
730 805 832 857 autom
855 813 980 856 carmen
1006 814 1046 856 cx
1071 794 1187 875 proodo
1212 806 1244 858 et

155 899 391 980 antistrophicis‚
412 899 527 979 quihus
543 909 606 960 tros
622 900 754 960 insertae
771 906 845 961 sunt
860 897 986 978 mesodi‚
1006 899 1064 960 hoc
1079 896 1185 961 modo:

243 1039 298 1100 πρ.
320 1020 362 1081 α’.
384 1011 427 1100 ll.
452 1012 490 1102 y'.
510 1040 544 1099 μ.
568 1012 606 1103 γ’.
628 1020 670 1080 α’.
694 1013 735 1099 β’.
758 1020 808 1082 M.
831 1011 870 1081 ὅ.
893 1020 928 1082 o'.
953 1010 993 1096 ς’.
1018 1040 1054 1099 μ.
1080 1011 1118 1097 ς’.
1142 1011 1181 1081 δ’.
1204 1021 1239 1082 al.

243 1223 365 1307 5693.
408 1229 564 1290 Praeterea
593 1245 665 1290 voro
691 1226 811 1307 tragici,
841 1246 901 1288 non
930 1227 1021 1288 otiam
1049 1227 1153 1306 lyrici,
1187 1227 1245 1290 alio

156 1333 249 1392 etiam
276 1329 366 1392 modo
396 1331 612 1412 aequalitatem
643 1328 811 1411 quamdam
841 1332 1048 1412 responsionis
1079 1332 1244 1393 consectati

156 1444 247 1512 sunt,
275 1453 372 1514 quum
396 1453 488 1514 saepe
509 1436 540 1495 in
563 1433 670 1496 eodem
692 1441 723 1494 et
742 1433 886 1516 strophae
907 1443 937 1496 ct
957 1434 1164 1513 antistrophae
1182 1434 1245 1495 loco

156 1536 238 1599 idem
264 1538 311 1598 vol
334 1538 432 1599 simile
456 1537 585 1600 verbum
609 1545 797 1619 posuerunt,
828 1536 1070 1617 quodomnium
1095 1538 1245 1617 [requen-

157 1642 274 1702 tissime
299 1640 412 1705 lactum
434 1650 482 1704 est
504 1641 536 1701 in
559 1640 836 1718 interiectionibus3
872 1641 920 1702 vel
950 1660 1048 1721 quum
1071 1642 1246 1704 iterationes

159 1744 325 1806 vorborum
348 1745 462 1807 similos
486 1744 594 1807 iisdem
618 1746 647 1806 in
670 1744 743 1806 locis
759 1742 979 1808 adhibuerunt.
1015 1746 1059 1806 lta
1074 1742 1246 1826 Aeschylus

156 1851 186 1908 in
205 1849 302 1909 Persis
318 1868 414 1928 quum
438 1868 466 1908 v.
488 1850 559 1909 550.
580 1859 642 1910 tres
659 1866 767 1910 versus
784 1849 906 1909 nomine
922 1841 1047 1932 Ξέρξης
1069 1849 1243 1929 incepisset,

155 1971 210 2012 eos
227 1960 299 2029 tres,
319 1953 371 2031 qui
388 1952 435 2014 his
451 1952 482 2013 in
498 1952 686 2032 antistropha
704 1950 900 2032 respondent,
918 1952 1013 2014 verho
1030 1951 1106 2026 νᾶες
1120 1953 1242 2032 incepit.

157 2057 196 2115 Et
211 2074 308 2134 quum
326 2057 356 2116 in
372 2054 481 2117 eadem
497 2054 600 2116 fahula
622 2076 652 2114 v.
674 2056 745 2115 hlil.
765 2056 935 2134 posuisset:

249 2166 422 2250 Ἀϊδωνεὺς
444 2167 474 2237 δ’
497 2166 702 2255 ἀναπομπὸς
724 2165 846 2259 ἀνείης,

247 2269 433 2353 Ἀϊδωνεύς.

154 2400 191 2462 in
205 2401 394 2479 antistropha
411 2399 550 2461 similiter
564 2401 703 2482 scripsit:

244 2512 441 2604 θεομήστωρ
465 2512 494 2582 δ’
518 2512 727 2604 niallam«)
750 2513 907 2603 Πέρσαις,

245 2620 451 2708 θεομήστωρ.

244 2844 365 2928 §694
403 2847 552 2925 Exemplo
576 2857 735 2912 accuratae
761 2848 965 2928 responsionis
989 2849 1028 2909 sit
1050 2857 1148 2910 totum
1169 2850 1247 2912 illud

154 2970 281 3013 carmen
305 2953 337 3011 in
360 2951 546 3031 Choephoris
569 2972 586 3013 a
610 2974 639 3012 v.
661 2952 732 3014 312.
760 2954 791 3014 in
818 2970 879 3033 quo
900 2952 927 3013 si
950 2953 980 3013 in
1004 2953 1192 3032 antistropha
1217 2948 1244 3037 η’

154 3053 239 3116 laedi
266 3055 434 3134 aequalitas
459 3054 598 3134 videtur,
629 3066 677 3119 est
698 3055 775 3118 illud
798 3075 833 3118 ea
856 3074 964 3119 caussa
989 3056 1121 3134 lactum,
1152 3073 1245 3136 quam

154 3157 265 3241 §tul
286 3157 429 3220 indicavi.
466 3157 562 3239 ldquo
585 3161 672 3222 uncis
695 3159 812 3222 incluso
836 3160 918 3221 chori
942 3160 1064 3223 nominc
1088 3160 1245 3239 significa-

156 3280 239 3324 mus.
273 3263 328 3322 Est
343 3263 435 3342 igitur
450 3263 525 3323 haec
539 3265 681 3325 carminis
704 3263 784 3325 illius
800 3262 979 3345 descriptio,
1005 3271 1152 3343 quattuor
1167 3282 1245 3324 con-

156 3367 284 3427 tinentis
300 3365 495 3444 stropharum
512 3376 690 3445 systemata.

246 3479 287 3547 α’.
315 3487 449 3548 Orestes,

245 3582 285 3668 ff.
314 3590 441 3651 Chorus.
556 3570 560 3577 ¹

246 3686 287 3755 α’.
315 3693 445 3754 Electra.

246 3798 283 3878 γ’.
316 3797 452 3859 Chorus:
472 3796 639 3878 anapaesti.

247 3892 285 3960 δ’.
317 3900 450 3961 Orestes.

245 3997 286 4081 β’.
314 4004 442 4066 Chorus.

247 4099 284 4166 δ’.
314 4107 442 4167 Electra.
670 4177 675 4187 .

245 4201 407 4292 μεσῳδός.
434 4209 567 4271 Chorus:
591 4210 756 4291 anapaesti.
