2804 4912
150 105 193 166 46
554 123 611 164 tvo.
631 123 663 165 u.
690 123 753 165 σιν.
771 123 829 165 xvv.

152 274 252 337 medio
281 273 361 355 pede
390 283 509 354 quarto.
561 277 605 337 Ea
635 295 760 338 versum
792 278 824 336 in
854 275 909 336 hos
939 273 1062 336 ordines
1092 273 1268 339 distnbu

149 377 301 458 postulat:

236 493 627 584 ULvLiQ-'vl'LUlLu-

237 594 327 687 κείνη
342 595 404 685 γὰρ
421 589 544 664 όίλεσέν
558 623 618 680 νιν,
635 593 685 676 είς
702 593 826 686 Τροίαν
840 593 869 663 τ)
886 591 968 686 άγει.

238 699 312 767 ἐπεὶ
328 699 438 792 πατὴρ
455 692 553 780 οὗτος
568 698 636 784 σός,
654 695 691 768 ὃν
707 706 843 792 θρηνεῖς
859 697 923 770 άεί.
954 753 958 760 .

237 939 261 1019 §
278 935 353 1002 143.
386 940 473 1012 Quae
496 940 527 998 in
550 939 610 1000 fine
633 940 713 1000 tertii
727 938 816 1020 pedis
832 939 883 1018 fit,
909 940 1006 1000 rarior
1020 938 1148 1018 quidem
1163 957 1269 1000 cae

152 1062 243 1122 sura,
262 1053 293 1103 et
307 1061 363 1122 per
378 1061 412 1102 se
426 1043 553 1103 minime
568 1042 708 1122 elegans,
728 1052 833 1104 tamen
847 1061 939 1121 saepe
955 1043 986 1102 iu
1002 1043 1139 1104 oratione
1153 1061 1236 1122 gra
1251 1061 1269 1073 “

151 1157 182 1208 et
204 1155 352 1208 commota
375 1145 531 1225 aptissime
557 1145 693 1207 adhibita
720 1147 886 1208 invenitur.
927 1144 1037 1207 Aesch.
1058 1145 1155 1208 S.'ad
1178 1145 1269 1206 l'k

153 1251 246 1311 0050.
273 1250 366 1328 Soph.
384 1249 431 1310 El.
454 1252 547 1310 4036.
569 1251 662 1310 0038.
688 1250 795 1329 Emip.
814 1252 887 1311 llec.
908 1253 980 1310 387.

237 1360 309 1432 ἀλλ’
325 1359 363 1431 ὃν
378 1362 479 1443 πόλις
493 1367 617 1451 στυγεῖ,
633 1362 672 1431 οὐ
689 1361 840 1453 τιμήσεις
853 1362 972 1456 τάφῳς

238 1466 377 1552 ἀτιμίας
390 1467 451 1552 μὲν
467 1460 517 1549 oli,
534 1464 751 1557 προμηθείας
766 1469 804 1536 όί
818 1490 888 1537 σου.

238 1570 394 1659 ὅτανγὰρ
410 1563 446 1638 εὖ
464 1577 598 1661 φρονῇς,
614 1566 691 1640 τόθ’
707 1568 824 1662 ἡγήσει
838 1570 878 1639 ml
893 1578 967 1661 νῷν.

237 1680 390 1749 κεντεῖτε,
405 1673 450 1764 μὴ
467 1670 636 1766 φείδεσθ’·
654 1673 717 1763 ἐγὼ
739 1668 853 1743 ’τεκον
867 1673 987 1763 Πάριν.

152 1804 194 1864 Ea
211 1803 266 1863 hos
282 1802 341 1862 sibi
358 1799 480 1861 ordines
496 1802 650 1880 postulat:
696 1780 699 1788 ¹

236 1921 333 1968 υέυ-
345 1919 350 2006 Ι
363 1915 411 1965 GL
424 1918 436 2005 Η
450 1915 524 1965 oLQ
533 1917 538 2004 η
546 1919 619 1965 Lx)-

236 2143 354 2227 5144.
388 2148 467 2206 Raro
488 2144 586 2226 pedes
605 2144 779 2206 secundum
794 2154 826 2205 et
847 2146 971 2206 tertium
990 2165 1052 2207 una
1068 2165 1144 2207 voce
1160 2166 1232 2209 con·

151 2252 242 2312 tincri
264 2251 441 2312 observavit
463 2250 625 2312 Porsonus.
658 2250 734 2309 Nam
757 2247 863 2309 durior
883 2247 933 2308 hic
954 2250 1095 2311 incessus
1117 2252 1235 2313 numeri

151 2364 209 2433 est,
224 2363 269 2434 ut,
285 2356 311 2415 si
326 2353 509 2432 plerumque
524 2372 586 2414 non
601 2361 703 2434 aptus,
719 2352 928 2433 utaliquando
943 2361 1046 2415 tamen
1058 2355 1238 2434 aptissimus

152 2461 202 2537 sit,
220 2461 302 2521 utin
317 2456 460 2538 Aeschyli
475 2457 572 2517 Persis
590 2457 661 2518 l65.
682 2459 754 2518 509.
774 2464 805 2516 et
819 2458 928 2537 Eurip.
947 2456 1056 2536 Suppl.
1078 2461 1150 2519 699.

237 2575 363 2665 Ξέρξης
377 2569 407 2640 δ’
424 2569 603 2662 ἀνῴμωξεν
616 2579 728 2640 κακῶν
743 2569 830 2656 ὁρῶν
844 2571 966 2657 βάθος.

240 2679 370 2771 Θρῄκην
385 2677 588 2766 περάσαντες
601 2671 702 2762 μόλις
715 2677 835 2762 πολλῷ
850 2674 955 2763 πόνῳ.

238 2785 296 2851 καὶ
311 2779 587 2867 συμπατάξαντες
599 2779 704 2866 μέσον
718 2778 830 2848 πάντα
845 2778 994 2868 στρατόν.

238 3019 354 3103 ξ145.
388 3022 524 3083 Tertium
547 3031 578 3082 et
592 3028 739 3100 quartum
761 3018 873 3099 pedem
894 3037 1065 3098 numquam
1085 3039 1149 3083 una
1165 3041 1248 3085 voce

40 3168 43 3175 ·
152 3126 371 3207 comprehendi
390 3123 548 3187 contendit
569 3126 738 3202 Porsonus,
767 3121 943 3201 corrigenda
963 3132 1096 3201 putanS,
1127 3125 1154 3184 si
1180 3144 1249 3205 qua

154 3234 350 3298 inveniantur
363 3230 515 3310 exempla.
542 3228 608 3288 Non
625 3236 714 3288 recto.
741 3226 817 3287 Nam
833 3245 916 3287 nunc
930 3226 988 3286 alia
1001 3243 1129 3288 caesura
1144 3227 1248 3290 duri—

153 3339 226 3397 tiem
242 3336 369 3416 emollit,
387 3344 423 3396 ut
437 3334 470 3393 in
483 3332 582 3393 Persis
598 3333 670 3392 500.
760 3340 764 3351 ·

240 3451 315 3520 ἐπεὶ
331 3451 369 3519 δὲ
383 3446 495 3516 πολλὰ
509 3447 702 3531 θεοκλυτῶν
717 3442 890 3513 ἐπαύσατο

240 3553 391 3645 στρατός,
409 3557 414 3645 l
431 3558 520 3642 περᾷ
534 3549 810 3640 κρυσταλλοπῆγα
826 3545 883 3615 διὰ
898 3544 1015 3636 πόρον.

154 3686 241 3747 Nunc
256 3685 348 3745 etiam
364 3680 439 3742 nihil
454 3677 593 3759 impedit,
617 3678 693 3756 quin
708 3694 812 3737 carere
827 3693 953 3737 versum
970 3692 1097 3735 caesura
1113 3682 1245 3739 statua-

154 3807 234 3867 mus,
252 3795 288 3848 ut
303 3787 334 3846 in
350 3783 494 3862 Aeschyli
508 3781 615 3864 Agam.
637 3783 729 3843 luet.
755 3779 865 3859 Suppl.
885 3778 959 3840 050.

240 3899 259 3999 ἦ
274 3903 365 3991 κάρτ’
382 3900 434 3991 άρ’
451 3899 491 3971 όν
506 3896 733 3986 πορεσκόπεις
746 3903 899 3986 χρησμῶν
915 3895 1012 3978 ἐμῶν.

240 4010 298 4078 καί
311 4003 418 4076 τάλλα
433 4005 500 4075 aovi
514 4001 548 4091 μ’
566 4003 744 4074 ἐπεικάσαι
760 4000 893 4069 δίκαιον
906 3989 955 4088 ἦν.
