2804 4912
522 307 558 348 no
575 305 730 349 mosomo.
1126 286 1167 348 29

84 457 379 538 Antepenultimam,
399 459 425 518 si
441 457 546 519 brevis
561 466 609 519 est
622 476 703 538 quae
717 459 868 538 sequitur,
887 458 919 517 in
934 458 1012 518 arsi:
1038 466 1074 519 ut
1088 445 1169 535 ίίῖες,

82 551 217 640 ἴμεναι,
248 551 407 645 αἰρόμεναι
429 560 540 641 Odyss.
571 582 595 623 ι.
613 562 683 621 lib.
718 559 803 623 Iliad.
827 580 858 622 a.
882 562 954 621 365.
988 559 1166 621 Hesiodo.

83 672 118 724 et
132 664 168 725 l).
190 665 240 726 θλ.

173 901 266 985 §aa
293 906 463 986 Corripitur
484 905 597 967 vocalis
618 914 746 987 propter
766 915 946 986 sequentem
962 915 1122 968 accentum
1138 906 1170 967 in

83 1009 230 1088 oxytonis
246 1007 434 1089 quibusdam
450 1008 636 1088 trisyllabis,
656 1017 692 1070 ut
706 1000 820 1092 ἐπειή,
843 1001 997 1088 μεμαώς,
1012 1001 1169 1088 Ἀχιλεύς,

80 1102 250 1185 Ὀδυσεύς.
280 1113 319 1173 Et
333 1113 364 1172 in
381 1111 605 1192 tetrasyllabis,
624 1130 704 1191 quae
719 1111 760 1174 ab
776 1113 823 1173 bis
838 1111 1042 1192 declinantur,
1061 1122 1096 1173 ut
1110 1131 1170 1191 με-

82 1204 219 1295 μαότες,
232 1205 391 1294 Ἀχιλέος,
409 1205 571 1291 Ὀδυσέος,
588 1232 668 1293 quae
684 1215 864 1301 scribuntur
880 1217 1064 1297 μεμαῶτες,
1080 1206 1171 1294 Ἀχι-

83 1314 177 1405 λῆος,
189 1309 356 1404 Ὀδυσῆος.

174 1559 198 1640 ὁ
212 1555 268 1624 98.
294 1559 465 1639 Corripitur
478 1568 603 1640 propter
616 1557 851 1640 praecedentem
874 1569 1033 1622 accentum
1053 1561 1171 1640 penul-

83 1664 160 1724 tima
178 1663 312 1724 maxime
327 1664 359 1723 in
374 1664 585 1744 coniunctiviS,
600 1673 635 1724 ut
650 1653 835 1746 ἀγείρομεν,
852 1662 995 1751 μίσγεαι,
1006 1657 1171 1744 βούλεται,

84 1755 321 1845 ἀποθείομαι,
351 1784 431 1845 quae
453 1768 497 1827 sic
520 1766 700 1828 scribuntur
722 1785 777 1847 pro
800 1754 999 1849 ἀγείρομεν,
1020 1758 1171 1851 μίομηαι,

84 1861 269 1953 βούληται,
297 1858 529 1950 ἀποθείομαι.
569 1871 664 1948 Raro,
693 1868 748 1930 ubi
774 1869 878 1932 brevis
903 1880 950 1932 est
974 1888 1010 1931 ca
1037 1868 1168 1950 syllaba,

85 1990 168 2051 quae
191 1983 352 2034 accentum
376 1972 487 2052 habet,
512 1981 549 2034 ut
570 1973 602 2033 in
625 1960 742 2034 ἀλεται
765 1971 851 2034 lliad
870 1969 899 2034 λ.
922 1975 992 2035 l92.
1028 1975 1095 2034 lluc
1117 1992 1172 2034 re-

87 2075 161 2135 ierri
175 2074 270 2137 debet
284 2077 376 2138 etiam
392 2084 625 2138 commemorata
642 2095 659 2137 a
675 2076 880 2156 grammaticis
896 2077 1045 2156 correptio
1056 2076 1173 2154 penul-

92 2179 181 2238 timae
209 2179 241 2238 in
270 2180 358 2240 tertia
388 2178 609 2260 perfectorum,
637 2188 672 2241 ut
694 2171 878 2261 λελόγχασι,
902 2198 981 2258 quae
1007 2188 1110 2240 tamen
1133 2199 1172 2241 ex

94 2279 210 2341 Homeri
228 2281 411 2363 Hesiodityue
426 2282 615 2344 carminibus
631 2282 721 2345 hodie
744 2283 874 2363 expulsa
889 2291 946 2344 est.
966 2284 1000 2344 V.
1020 2283 1117 2343 Elem.
1137 2282 1168 2344 d.

88 2393 178 2447 metr.
197 2405 229 2466 p.
243 2387 293 2448 58.
1012 2386 1017 2392 “

175 2623 268 2708 §aa
294 2627 405 2689 Vltima
428 2628 590 2708 corripitur
611 2637 731 2690 tantum
754 2630 786 2689 in
809 2621 872 2702 ἕως
893 2626 978 2708 apud
994 2629 1168 2707 Homerum,

83 2729 173 2810 quod
190 2731 283 2791 scribi
298 2728 427 2792 deberet
441 2716 519 2810 εἷος,
539 2741 574 2793 ut
589 2733 767 2813 saepissime
783 2732 815 2791 in
826 2731 877 2792 illo
889 2723 952 2804 ἕως
963 2721 982 2792 ὃ
995 2719 1094 2792 ταῦθ’
1106 2723 1172 2814 ὥρ-

79 2853 196 2913 Ιμαινε.
232 2833 289 2896 Od.
310 2852 333 2895 t.
353 2837 426 2896 233.
445 2855 473 2897 τ.
494 2834 566 2896 367.

174 2945 302 3039 ἥμενοι,
318 2948 381 3029 ἕως
396 2948 524 3040 ἐπῆλθε
539 2949 654 3035 νέμων.

175 3051 260 3120 ὅσσα
276 3051 314 3120 οὐ
330 3059 379 3141 τῷ
394 3049 523 3136 tamea,
538 3047 717 3142 ἀρώμενος,
734 3050 797 3131 ἕως
812 3052 911 3118 ἵκοιο.

87 3176 172 3239 lliad.
192 3198 222 3240 ι.
239 3179 310 3240 l89.
330 3177 546 3240 scribendum:

173 3292 319 3379 μιμνέτω
334 3288 460 3362 αὐτόθι
474 3291 566 3376 τέως,
583 3289 796 3383 ἐπειγόμενός
810 3317 874 3382 περ
890 3285 1016 3382 Ἄρηος.

84 3419 122 3482 V.
141 3418 240 3480 Elem.
260 3418 291 3481 d.
310 3438 351 3480 m.
370 3437 402 3498 p.
416 3420 467 3479 59.

175 3659 199 3740 5
217 3656 291 3722 100.
317 3658 434 3721 Similia
449 3658 546 3720 multa
562 3657 672 3720 babuit
685 3657 842 3720 familiaris
864 3676 964 3721 sermo
980 3660 1166 3739 Latinorum,
1217 3668 1220 3673 '

86 3781 170 3843 quae
186 3780 246 3823 usu
262 3762 489 3842 cognoscenda,
508 3761 586 3824 duce
602 3763 736 3823 maxime
751 3762 886 3824 Bentleio
901 3763 934 3823 in
950 3760 1170 3824 schediasmate

85 3851 129 3927 de
144 3866 251 3926 metris
267 3866 457 3926 Terentianis
480 3873 511 3927 et
531 3864 780 3927 adnotationibus
798 3864 838 3927 ad
855 3866 1041 3927 Terentium.
1075 3867 1170 3926 Prae-

85 3970 180 4048 cipue
195 3967 383 4048 tenendum,
404 3968 474 4029 licet
488 3969 676 4048 grammatici
691 3967 811 4047 dicant,
830 3968 951 4030 nullum
967 3969 1090 4030 Latinae
1105 3969 1170 4028 lin-

83 4090 167 4153 guae
178 4070 364 4132 vocabulum
380 4072 413 4132 in
426 4080 533 4153 quarta
549 4091 567 4133 a
583 4073 644 4133 line
659 4069 779 4151 syllaba
800 4081 960 4132 accentum
975 4070 1099 4149 habere,
1118 4079 1170 4131 ta-

84 4194 160 4236 men
176 4173 374 4254 tetrasyllaba
398 4175 516 4254 omnia,
544 4193 623 4254 quae
646 4184 708 4236 tres
731 4174 843 4236 breves
863 4184 933 4236 ante
955 4173 1094 4236 ultimam
1110 4173 1171 4233 ha-
