2804 4912
201 111 243 173 64
434 157 437 166 .
600 133 656 176 nro.
677 133 709 176 u.
744 132 806 176 me.
825 134 883 178 mx.

287 282 311 364 ᾗ
328 279 403 348 193.
429 283 494 344 Non
506 286 679 366 perpetuati
694 287 816 348 numeri
831 288 1008 370 exemplum
1024 297 1072 351 est
1087 290 1119 352 in
1126 286 1222 353 Andr.
1234 290 1279 354 lll.

202 387 221 448 2
253 387 304 449 37.
918 391 926 404 “

225 433 233 466 '
288 507 361 590 quid
375 509 446 569 cis?
461 526 551 590 quum
568 509 766 574 intelltmeros

287 609 321 672 ld
334 610 490 674 consilium
506 614 625 694 ccipere,
644 632 701 675 cur
715 634 774 678 noo
790 615 872 679 atati
885 617 1034 698 eaewmplo
1049 617 1230 699 raoaptuor

203 730 265 793 Sed
281 730 480 794 scribendum
496 731 622 795 videtur
636 734 669 796 id
682 737 731 797 eor
746 737 904 799 consitium
921 740 1042 819 cupere.

289 969 406 1053 9194.
433 974 597 1036 Rarissima
619 984 694 1038 sunt
714 975 856 1057 exempla
878 975 1035 1038 clausulae
1057 979 1090 1038 in
1112 977 1285 1041 trochaeum
1368 1004 1393 1041 ι

205 1077 356 1138 exeuntis.
390 1077 511 1138 Terent.
532 1077 602 1139 llec.
621 1079 656 1141 V.
678 1081 707 1160 l,
720 1080 749 1140 5.

292 1196 467 1279 appenditur,
487 1197 634 1272 Bacchis,
654 1199 747 1262 soloe.

292 1304 324 1362 B.
343 1301 438 1376 saroa,
459 1300 557 1362 Lache
574 1304 606 1362 l.
625 1301 731 1382 edepol
744 1302 833 1364 orado
849 1311 876 1365 te
890 1305 994 1366 roaolt
1006 1306 1128 1383 mirari,
1149 1305 1285 1368 Bonchis.
1329 1353 1358 1366 -

596 1542 904 1554 -————=—-—

628 1738 741 1810 ΟΔΡ.
755 1739 869 1810 xlx.

492 1889 550 1960 De
576 1891 779 1964 versibus
807 1890 1007 1963 Creticis.

294 2057 411 2141 5195.
437 2060 637 2122 Creticum
657 2079 861 2123 numerum
884 2063 993 2124 musici
1008 2071 1039 2124 et
1054 2064 1182 2144 metrici,
1201 2082 1396 2127 men—-

210 2184 300 2227 smae
316 2161 529 2226 tantummodo
541 2165 689 2225 rationem
705 2163 865 2244 habentes,
885 2164 925 2227 ad
937 2167 1119 2247 paeonicum
1130 2185 1229 2247 genus
1240 2186 1393 2229 rue—-

209 2268 323 2330 ferunt.
349 2269 426 2329 Nam
437 2285 500 2328 una
513 2267 599 2346 longa
610 2266 729 2350 syllaba
740 2267 841 2330 tribus
852 2267 1004 2331 brevibus
1019 2270 1135 2349 iuncta,
1149 2279 1391 2352 manunt-r

210 2390 343 2453 paeones
355 2378 510 2452 procreat3
530 2368 654 2432 duabus
670 2380 773 2433 autem
785 2371 896 2434 harum
911 2371 1053 2435 brevium
1068 2373 1101 2434 in
1112 2390 1208 2435 unam
1223 2375 1387 2437 lon-

210 2494 279 2556 gam
291 2474 463 2553 contractis
476 2473 625 2553 Creticus,
637 2473 794 2554 Bacchius,
810 2484 842 2537 et
852 2474 1096 2555 palimbacchius
1108 2485 1279 2539 nascuntur
1289 2486 1380 2529 ‘'¹''-

213 2579 262 2640 Ex
277 2579 324 2640 his
339 2575 474 2659 pedibus
486 2575 637 2656 repudiati
652 2586 726 2640 sunt
740 2597 874 2661 paeones
888 2577 1046 2642 secundus
1058 2588 1089 2641 et
1100 2581 1211 2643 tertius
1225 2587 1381 2641 curt]

213 2680 449 2763 palimbacchio,
475 2677 583 2742 adsciti
597 2690 701 2745 autem
717 2681 843 2763 reliqui,
868 2700 1002 2760 paeones
1017 2684 1136 2764 primus
1151 2692 1183 2744 et
1197 2694 1380 2764 quur—⁶·

213 2798 281 2866 tus,
300 2785 455 2864 Creticus,
474 2783 639 2846 Bacchius:

299 2902 397 2934 ..Μ
483 2900 582 2934 ΜΛΝ-
669 2901 738 2934 -U-
825 2900 894 2932 υ...

214 2996 291 3056 Nam
306 2992 364 3055 etsi
380 2991 545 3074 Dionysius
561 2991 626 3053 Hal.
645 2989 685 3052 de
700 3008 799 3071 comp.
819 2990 911 3053 Verb.
930 3010 956 3052 c.
979 2993 1027 3054 ⁴7.
1046 2978 1378 3072 palimbacchio&

214 3098 271 3159 hoc
285 3096 462 3178 exemplum
477 3096 590 3177 posuit,

300 3213 367 3296 σοὶ,
386 3215 494 3297 Φοῖβε
508 3206 653 3279 Μοῦσαί
667 3234 713 3291 τε,
730 3214 917 3296 συμβιῖμεν,

215 3350 319 3402 tamen
335 3337 387 3399 vix
409 3337 482 3399 alibi
504 3337 679 3397 invenietur
700 3335 749 3397 hic
763 3353 913 3398 numerus
928 3354 1022 3415 quam
1039 3337 1072 3397 in
1087 3335 1161 3397 Pace
1177 3333 1307 3399 Aristo*
1324 3342 1382 3375 ⁴·

215 3443 327 3524 phanis
342 3460 372 3503 v.
395 3442 466 3503 463.
485 3441 517 3501 in
532 3439 598 3501 his:

302 3549 411 3636 ὦεῖα,
429 3546 456 3621 ὦ
472 3547 542 3623 alc:

217 3683 333 3765 quibus
348 3679 515 3760 respondet
528 3698 558 3742 v.
580 3681 651 3743 tut.
669 3671 789 3766 μικρόν
803 3697 839 3764 ys
852 3680 1015 3761 κινοῦμεν.

305 3902 421 3989 9196.
448 3906 615 3968 Numerum
639 3905 666 3968 si
688 3913 877 3986 spectamus,
903 3902 965 3967 duo
984 3904 1029 3966 illi
1049 3925 1184 3986 paeones
1207 3898 1381 3969 unirfl⁸

220 4012 340 4095 generis
356 4020 443 4090 sunt3
463 4008 577 4072 diversi
592 4017 696 4072 autem
712 4008 752 4070 ab
769 4008 816 4069 his
832 4008 969 4070 Creticus
984 4017 1016 4070 et
1030 4008 1188 4073 Bacchius.
1221 4010 1294 4071 Pae-
1324 4012 1378 4041 ‘³
