2804 4912
159 190 219 249 ΙΝ
562 206 841 248 mmmm

241 358 265 439 9
279 356 357 424 328.
387 361 539 432 Quoniam
555 361 587 420 iu
603 359 664 420 fine
680 360 830 439 cuiusque
847 379 956 423 versus
970 378 1075 441 pauca
1089 360 1138 441 tt,
1156 379 1242 440 prac-
1262 343 1263 346 Ἴ

38 475 41 482 ·
155 464 294 527 tulcrrmt
323 473 433 544 poetae
457 481 511 525 eas
536 463 703 524 vorborum
729 463 859 541 formas,
892 483 974 543 (prae
1003 465 1096 545 longa
1128 464 1241 544 symb·

157 568 281 628 finirent
295 585 431 643 versum,
451 568 498 643 iis,
523 585 605 647 quae
619 565 718 627 brevi.
751 567 857 644 Itaque
872 578 904 628 et
917 589 935 627 a
949 570 1176 649 paragogiaum
1189 568 1243 631 ad-

156 669 319 745 diderunt,
345 680 377 731 et
399 656 505 746 olvat,
529 661 617 746 αἰεί,
641 686 735 748 quam
752 661 869 748 ἔμμεν,
893 663 984 745 αἰέν,
1009 673 1044 733 ln
1060 673 1125 735 liae
1140 691 1243 735 versus

138 767 269 853 'ponere
286 774 471 835 maluerunt.
507 774 540 835 v.
560 771 600 837 dc
615 771 737 835 emend.
757 783 813 835 rat.
833 774 885 836 Gr.
904 793 1035 853 gramm.
1054 794 1087 856 p.
1109 774 1163 839 22.
1182 794 1238 856 seq.

156 887 186 938 ct
201 876 330 959 praelat.
349 875 390 939 ad
404 876 501 955 Orpb.
520 895 551 956 p.
572 880 601 937 9.

241 1079 357 1167 5329.
385 1083 491 1144 Graeci
505 1100 629 1161 semper
643 1083 760 1163 integra
776 1103 848 1145 voce
864 1102 988 1147 versum
1003 1085 1168 1161 heroicum
1182 1096 1251 1153 ιω·

155 1189 284 1249 minant.
318 1185 405 1249 Vnde
429 1194 518 1247 vetus
532 1186 634 1266 poesis
651 1186 746 1247 multa
770 1189 925 1250 truncavit
940 1188 1110 1269 vocabula,
1138 1198 1175 1251 ut
1194 1172 1238 1279 ἦ),

156 1287 224 1367 δῶ,
251 1290 324 1372 κρῖ,
352 1289 391 1351 de
418 1289 532 1369 quibus
556 1310 586 1350 v.
606 1289 786 1352 Strabonem
811 1291 884 1352 VIII.
911 1311 942 1373 p.
963 1294 1024 1355 361
1048 1292 1157 1374 1661)).Ι

155 1395 343 1473 grammatici
365 1391 451 1454 maa.
471 1394 507 1454 a.
525 1392 597 1454 ooo.
625 1388 652 1469 ξ.
669 1395 742 1454 eoa.
767 1412 804 1454 ω.
823 1395 894 1455 aar.
918 1393 1073 1457 dederunt
1097 1378 1239 1479 maioni

155 1487 246 1582 Ζῆν’,
270 1496 354 1577 quod
376 1499 510 1578 pessime
534 1493 660 1574 quidam
685 1495 827 1557 scribunt
849 1498 955 1559 ultima
979 1498 1078 1559 littera
1104 1499 1238 1579 sequenti

157 1602 261 1662 versui
281 1599 395 1662 addita.
429 1599 504 1660 Nam
525 1617 622 1678 quum
645 1597 729 1660 elisio
744 1618 846 1679 neque
866 1598 951 1682 apud
967 1601 1120 1681 Graecos,
1148 1621 1237 1683 nequo

155 1702 239 1785 apud
263 1705 384 1765 Latinos
407 1720 567 1764 caesuram
592 1702 754 1784 Impediat,
784 1714 924 1784 apertum
952 1714 1016 1783 est,
1046 1703 1236 1784 praecedenti

156 1808 205 1869 vel
221 1810 325 1869 versui
341 1807 389 1869 vel
406 1806 545 1868 membro
560 1806 788 1868 attribuendam
805 1825 873 1868 esse
888 1806 1060 1886 syllabam,
1087 1826 1172 1889 quae
1186 1809 1235 1871 eli-

74 1936 84 1948 ·
156 1911 249 1973 ditur.
283 1913 399 1989 Fuisse,
422 1912 475 1988 qui
491 1910 561 1994 Ζῆν
577 1911 824 1990 monosyllabum
840 1910 1013 1972 scriberent
1027 1911 1114 1990 apud
1132 1914 1236 1974 llomc-

155 2032 241 2092 rum,
267 2013 390 2093 colligas
413 2033 451 2073 ex
475 2014 636 2074 Eustatbio
656 2032 687 2093 p.
709 2017 781 2076 981.
800 2016 865 2075 init.
900 2015 984 2093 lique
1000 2024 1092 2075 recte.
1130 2016 1236 2079 muro

157 2118 314 2196 Virgi1ius‚
349 2117 521 2195 exquisitae
552 2116 708 2177 doctrinae
738 2118 861 2179 laudem
892 2118 1054 2196 affectans,
1098 2130 1233 2183 secum:

157 2222 263 2301 Georg.
287 2222 315 2299 1,
335 2221 408 2281 995.

242 2349 296 2401 orit
310 2340 406 2402 dulcis
420 2344 513 2402 onusti
531 2342 653 2403 Volcoao
669 2342 804 2422 decoquit
819 2342 984 2415 trimo-em,

242 2452 270 2504 ot
283 2441 366 2522 foliis
381 2443 494 2506 undum
511 2444 602 2526 tepidi
616 2444 774 2525 despumat
789 2445 889 2506 ulmi.

156 2562 232 2663 VIde
248 2564 283 2625 ll.
304 2568 355 2625 69.
377 2566 448 2624 tlt.
468 2564 515 2625 Ill.
536 2565 609 2626 ata.
632 2564 952 2626 memmenni-1
975 2565 1025 2627 tt.

240 2784 356 2872 5330.
391 2790 422 2849 ln
446 2805 556 2867 parum
580 2789 708 2851 utilibus
728 2791 995 2869 grammaticorum
1018 2789 1239 2853 subtilitatibus
1260 2798 1263 2803 '

157 2892 368 2955 numerandus
395 2910 521 2972 versuS,
556 2911 647 2972 quem
676 2882 748 2954 κατ’
776 2886 933 2954 ἐνόπλιον
959 2902 1087 2969 vocant,
1124 2896 1179 2975 qui
1206 2876 1241 2957 ci

156 2995 288 3057 duorum
319 2996 510 3077 dactylorum
542 3007 573 3056 et
595 2993 723 3075 spondei
746 2997 904 3056 iteratione
927 3005 1062 3077 constat,
1097 3006 1136 3058 ut
1158 2996 1237 3060 lliad.
1267 3072 1272 3083 Ι

155 3119 187 3158 α.
209 3101 280 3160 367.

240 3208 286 3293 ὣς
308 3213 397 3306 φάτο
420 3213 615 3303 δακρυχέων,
642 3221 703 3281 τοῦ
725 3209 755 3281 δ’
780 3211 873 3282 ἔκλυε
896 3212 1019 3283 πότνια
1039 3213 1163 3308 μήτηρ.

151 3341 280 3402 lletrum
306 3333 377 3403 κατ’
400 3335 565 3418 ἐνόπλιον,
596 3340 721 3420 dequo
750 3360 778 3402 v.
809 3340 910 3401 Schol.
938 3342 1104 3421 Hephaest.
1132 3362 1166 3426 p.
1185 3344 1235 3407 91.

160 3446 269 3525 (titt).
304 3445 444 3505 Eustath.
468 3463 498 3524 p.
521 3445 618 3522 1899,
639 3447 690 3506 60.
724 3444 824 3505 Sobol.
845 3443 1099 3525 Aristoph.Nub.
1123 3450 1244 3510 sato
1275 3466 1279 3511 t

153 3566 233 3626 quae
255 3547 296 3607 m
319 3546 479 3627 adnotavi,
505 3547 621 3628 quibus
641 3546 776 3609 aaaenor
792 3547 875 3607 ruo
897 3545 936 3607 ae
958 3565 1023 3627 rep.
1044 3548 1094 3610 m.
1115 3569 1151 3633 p.
1173 3552 1242 3615 too.
1275 3514 1279 3621 l

154 3652 187 3710 B.
206 3661 237 3710 et
259 3651 442 3714 Scholiastes
465 3653 532 3712 eius
554 3670 586 3732 p.
608 3652 699 3730 156,
725 3650 765 3712 de
787 3670 848 3730 quo
871 3649 1064 3730 dIsputatum
1086 3653 1121 3715 in
1147 3655 1243 3719 Elam.

154 3753 185 3816 d.
206 3773 246 3814 m.
266 3774 297 3835 p.
319 3757 405 3835 352,
424 3755 480 3818 has
495 3753 620 3817 vIdetur
635 3755 747 3816 lormas
763 3753 929 3816 habuisse:

240 3891 452 3922 ..w-w..
482 3912 504 3922 .-
