<?xml version="1.0" encoding="UTF-8"?>
<!DOCTYPE html PUBLIC "-//W3C//DTD XHTML 1.0 Transitional//EN"
    "http://www.w3.org/TR/xhtml1/DTD/xhtml1-transitional.dtd">
<html xmlns="http://www.w3.org/1999/xhtml" xml:lang="en" lang="en">
 <head>
  <title>
</title>
<meta http-equiv="Content-Type" content="text/html;charset=utf-8" />
  <meta name='ocr-system' content='tesseract 3.04.00' />
  <meta name='ocr-capabilities' content='ocr_page ocr_carea ocr_par ocr_line ocrx_word'/>
</head>
<body>
  <div class='ocr_page' id='page_1' title='image "./godofrediherman00hermgoog/godofrediherman00hermgoog_0247.png"; bbox 0 0 2804 4912; ppageno 0'>
   <div class='ocr_carea' id='block_1_1' title="bbox 489 312 1014 381">
    <p class='ocr_par' dir='ltr' id='par_1_1' title="bbox 489 312 1014 381">
     <span class='ocr_line' id='line_1_1' title="bbox 489 312 1014 381; baseline -0.006 -24"><span class='ocrx_word' id='word_1_1' title='bbox 489 315 525 357; x_wconf 79' lang='lat' dir='ltr'><strong>BR</strong></span> <span class='ocrx_word' id='word_1_2' title='bbox 541 313 698 357; x_wconf 71' lang='lat' dir='ltr'><strong>dominvs</strong></span> <span class='ocrx_word' id='word_1_3' title='bbox 713 312 915 357; x_wconf 66' lang='lat' dir='ltr'><strong>snorum.</strong></span> <span class='ocrx_word' id='word_1_4' title='bbox 1011 374 1014 381; x_wconf 92' lang='lat'>.</span> 
     </span>
    </p>
   </div>
   <div class='ocr_carea' id='block_1_2' title="bbox 377 409 1028 700">
    <p class='ocr_par' dir='ltr' id='par_1_2' title="bbox 377 409 1028 700">
     <span class='ocr_line' id='line_1_2' title="bbox 597 409 813 542; baseline 0 0"><span class='ocrx_word' id='word_1_5' title='bbox 597 409 707 542; x_wconf 63' lang='lat' dir='ltr'><strong>GAi&#39;.</strong></span> <span class='ocrx_word' id='word_1_6' title='bbox 725 473 813 542; x_wconf 90' lang='lat' dir='ltr'><strong>XV.</strong></span> 
     </span>
     <span class='ocr_line' id='line_1_3' title="bbox 377 606 1028 700; baseline -0.005 -22"><span class='ocrx_word' id='word_1_7' title='bbox 377 609 435 678; x_wconf 91' lang='lat' dir='ltr'><strong>De</strong></span> <span class='ocrx_word' id='word_1_8' title='bbox 462 606 705 700; x_wconf 86' lang='lat' dir='ltr'><strong>generibus</strong></span> <span class='ocrx_word' id='word_1_9' title='bbox 734 607 1028 700; x_wconf 80' lang='lat' dir='ltr'><strong>stropharum.</strong></span> 
     </span>
    </p>
   </div>
   <div class='ocr_carea' id='block_1_3' title="bbox 159 757 1251 1753">
    <p class='ocr_par' dir='ltr' id='par_1_3' title="bbox 159 757 1251 1753">
     <span class='ocr_line' id='line_1_4' title="bbox 247 757 1245 842; baseline -0.003 -18"><span class='ocrx_word' id='word_1_10' title='bbox 247 757 370 841; x_wconf 67' lang='lat'><strong>5571.</strong></span> <span class='ocrx_word' id='word_1_11' title='bbox 409 761 663 842; x_wconf 79' lang='lat' dir='ltr'>stropharum</span> <span class='ocrx_word' id='word_1_12' title='bbox 687 778 798 840; x_wconf 80' lang='lat' dir='ltr'><strong>genera</strong></span> <span class='ocrx_word' id='word_1_13' title='bbox 821 770 895 822; x_wconf 89' lang='lat' dir='ltr'><strong>sunt</strong></span> <span class='ocrx_word' id='word_1_14' title='bbox 917 768 1072 841; x_wconf 78' lang='lat' dir='ltr'><strong>quattuor.</strong></span> <span class='ocrx_word' id='word_1_15' title='bbox 1111 761 1245 838; x_wconf 77' lang='lat' dir='ltr'>Veteres,</span> 
     </span>
     <span class='ocr_line' id='line_1_5' title="bbox 159 861 1244 946; baseline -0.001 -21"><span class='ocrx_word' id='word_1_16' title='bbox 159 885 223 925; x_wconf 91' lang='lat' dir='ltr'><strong>non</strong></span> <span class='ocrx_word' id='word_1_17' title='bbox 239 865 408 926; x_wconf 89' lang='lat' dir='ltr'><strong>numeratis</strong></span> <span class='ocrx_word' id='word_1_18' title='bbox 424 862 571 946; x_wconf 91' lang='lat' dir='ltr'><strong>epodis,</strong></span> <span class='ocrx_word' id='word_1_19' title='bbox 591 861 652 924; x_wconf 95' lang='lat' dir='ltr'><strong>duo</strong></span> <span class='ocrx_word' id='word_1_20' title='bbox 667 872 796 942; x_wconf 91' lang='lat' dir='ltr'><strong>ponunt,</strong></span> <span class='ocrx_word' id='word_1_21' title='bbox 816 872 851 925; x_wconf 93' lang='lat' dir='ltr'><strong>nt</strong></span> <span class='ocrx_word' id='word_1_22' title='bbox 865 865 990 944; x_wconf 79' lang='lat' dir='ltr'><strong>Dionys,</strong></span> <span class='ocrx_word' id='word_1_23' title='bbox 1006 863 1072 924; x_wconf 80' lang='lat' dir='ltr'><strong>Hel.</strong></span> <span class='ocrx_word' id='word_1_24' title='bbox 1092 863 1130 924; x_wconf 89' lang='lat' dir='ltr'><strong>de</strong></span> <span class='ocrx_word' id='word_1_25' title='bbox 1146 883 1244 943; x_wconf 90' lang='lat' dir='ltr'><strong>comp.</strong></span> 
     </span>
     <span class='ocr_line' id='line_1_6' title="bbox 162 962 1250 1049; baseline -0.002 -22"><span class='ocrx_word' id='word_1_26' title='bbox 162 967 249 1028; x_wconf 86' lang='lat' dir='ltr'><strong>verb.</strong></span> <span class='ocrx_word' id='word_1_27' title='bbox 269 988 295 1029; x_wconf 87' lang='lat' dir='ltr'><strong>e.</strong></span> <span class='ocrx_word' id='word_1_28' title='bbox 318 969 368 1029; x_wconf 78' lang='lat' dir='ltr'><strong>tt).</strong></span> <span class='ocrx_word' id='word_1_29' title='bbox 408 967 666 1049; x_wconf 85' lang='lat' dir='ltr'><strong>Corruptissirnus</strong></span> <span class='ocrx_word' id='word_1_30' title='bbox 689 966 774 1028; x_wconf 89' lang='lat' dir='ltr'><strong>locus</strong></span> <span class='ocrx_word' id='word_1_31' title='bbox 800 968 831 1027; x_wconf 90' lang='lat' dir='ltr'><strong>in</strong></span> <span class='ocrx_word' id='word_1_32' title='bbox 857 962 964 1047; x_wconf 75' lang='lat' dir='ltr'><strong>fragm.</strong></span> <span class='ocrx_word' id='word_1_33' title='bbox 990 987 1061 1029; x_wconf 89' lang='lat' dir='ltr'><strong>eum</strong></span> <span class='ocrx_word' id='word_1_34' title='bbox 1084 968 1250 1029; x_wconf 83' lang='lat' dir='ltr'><strong>Censorino</strong></span> 
     </span>
     <span class='ocr_line' id='line_1_7' title="bbox 160 1067 1251 1151; baseline -0.002 -19"><span class='ocrx_word' id='word_1_35' title='bbox 160 1070 212 1132; x_wconf 91' lang='lat' dir='ltr'><strong>edi</strong></span> <span class='ocrx_word' id='word_1_36' title='bbox 235 1071 322 1133; x_wconf 91' lang='lat' dir='ltr'><strong>solito</strong></span> <span class='ocrx_word' id='word_1_37' title='bbox 344 1091 371 1132; x_wconf 88' lang='lat' dir='ltr'><strong>e.</strong></span> <span class='ocrx_word' id='word_1_38' title='bbox 391 1074 420 1132; x_wconf 83' lang='lat'><strong>9.</strong></span> <span class='ocrx_word' id='word_1_39' title='bbox 440 1091 470 1151; x_wconf 89' lang='lat' dir='ltr'><strong>p.</strong></span> <span class='ocrx_word' id='word_1_40' title='bbox 493 1073 563 1132; x_wconf 84' lang='lat' dir='ltr'><strong>tto.</strong></span> <span class='ocrx_word' id='word_1_41' title='bbox 591 1071 631 1132; x_wconf 86' lang='lat' dir='ltr'><strong>ita</strong></span> <span class='ocrx_word' id='word_1_42' title='bbox 654 1068 869 1132; x_wconf 86' lang='lat' dir='ltr'><strong>emendandus</strong></span> <span class='ocrx_word' id='word_1_43' title='bbox 888 1070 1025 1132; x_wconf 91' lang='lat' dir='ltr'><strong>videtur:</strong></span> <span class='ocrx_word' id='word_1_44' title='bbox 1056 1067 1251 1132; x_wconf 70' lang='lat' dir='ltr'><strong>Archilochus</strong></span> 
     </span>
     <span class='ocr_line' id='line_1_8' title="bbox 160 1173 1250 1255; baseline 0 -20"><span class='ocrx_word' id='word_1_45' title='bbox 160 1178 252 1235; x_wconf 82' lang='lat' dir='ltr'><strong>etiam</strong></span> <span class='ocrx_word' id='word_1_46' title='bbox 267 1181 415 1235; x_wconf 88' lang='lat' dir='ltr'><strong>commoto</strong></span> <span class='ocrx_word' id='word_1_47' title='bbox 431 1173 569 1237; x_wconf 81' lang='lat' dir='ltr'><strong>versibus</strong></span> <span class='ocrx_word' id='word_1_48' title='bbox 585 1174 766 1254; x_wconf 76' lang='lat' dir='ltr'><strong>applicando</strong></span> <span class='ocrx_word' id='word_1_49' title='bbox 780 1177 916 1238; x_wconf 80' lang='lat' dir='ltr'><strong>variavit</strong></span> <span class='ocrx_word' id='word_1_50' title='bbox 931 1175 1047 1255; x_wconf 80' lang='lat' dir='ltr'><strong>epodis:</strong></span> <span class='ocrx_word' id='word_1_51' title='bbox 1070 1193 1126 1255; x_wconf 86' lang='lat' dir='ltr'><strong>per</strong></span> <span class='ocrx_word' id='word_1_52' title='bbox 1141 1174 1250 1254; x_wconf 76' lang='lat' dir='ltr'><strong>plori-</strong></span> 
     </span>
     <span class='ocr_line' id='line_1_9' title="bbox 162 1274 1251 1359; baseline -0.001 -20"><span class='ocrx_word' id='word_1_53' title='bbox 162 1296 230 1339; x_wconf 83' lang='lat' dir='ltr'><strong>mus</strong></span> <span class='ocrx_word' id='word_1_54' title='bbox 251 1279 363 1359; x_wconf 76' lang='lat' dir='ltr'><strong>species</strong></span> <span class='ocrx_word' id='word_1_55' title='bbox 382 1278 476 1340; x_wconf 80' lang='lat' dir='ltr'><strong>secuit</strong></span> <span class='ocrx_word' id='word_1_56' title='bbox 490 1274 616 1338; x_wconf 78' lang='lat' dir='ltr'><em>Alcman</em></span> <span class='ocrx_word' id='word_1_57' title='bbox 636 1296 777 1340; x_wconf 80' lang='lat' dir='ltr'><strong>numeros</strong></span> <span class='ocrx_word' id='word_1_58' title='bbox 797 1287 825 1341; x_wconf 89' lang='lat' dir='ltr'><strong>et</strong></span> <span class='ocrx_word' id='word_1_59' title='bbox 843 1279 1007 1340; x_wconf 77' lang='lat' dir='ltr'><strong><em>imminuit:</em></strong></span> <span class='ocrx_word' id='word_1_60' title='bbox 1037 1296 1159 1340; x_wconf 83' lang='lat' dir='ltr'><strong>carmen</strong></span> <span class='ocrx_word' id='word_1_61' title='bbox 1181 1277 1251 1338; x_wconf 78' lang='lat' dir='ltr'><strong>dioc</strong></span> 
     </span>
     <span class='ocr_line' id='line_1_10' title="bbox 160 1380 1251 1463; baseline 0 -21"><span class='ocrx_word' id='word_1_62' title='bbox 160 1383 294 1463; x_wconf 77' lang='lat' dir='ltr'><strong>poeticae</strong></span> <span class='ocrx_word' id='word_1_63' title='bbox 317 1382 458 1444; x_wconf 77' lang='lat' dir='ltr'><strong>melicae:</strong></span> <span class='ocrx_word' id='word_1_64' title='bbox 494 1399 531 1442; x_wconf 90' lang='lat' dir='ltr'><strong>oc</strong></span> <span class='ocrx_word' id='word_1_65' title='bbox 557 1380 692 1442; x_wconf 79' lang='lat' dir='ltr'><strong>Telesilla</strong></span> <span class='ocrx_word' id='word_1_66' title='bbox 715 1384 804 1442; x_wconf 83' lang='lat' dir='ltr'><strong>etium</strong></span> <span class='ocrx_word' id='word_1_67' title='bbox 828 1380 942 1462; x_wconf 66' lang='lat' dir='ltr'><strong>Arctoo</strong></span> <span class='ocrx_word' id='word_1_68' title='bbox 962 1383 1138 1443; x_wconf 79' lang='lat' dir='ltr'><strong>minutior-er</strong></span> <span class='ocrx_word' id='word_1_69' title='bbox 1159 1380 1251 1442; x_wconf 79' lang='lat' dir='ltr'><strong>edidit</strong></span> 
     </span>
     <span class='ocr_line' id='line_1_11' title="bbox 160 1483 1250 1566; baseline -0.002 -20"><span class='ocrx_word' id='word_1_70' title='bbox 160 1503 321 1547; x_wconf 69' lang='lat' dir='ltr'><strong>premeres:</strong></span> <span class='ocrx_word' id='word_1_71' title='bbox 347 1503 424 1566; x_wconf 84' lang='lat' dir='ltr'><strong>quoe</strong></span> <span class='ocrx_word' id='word_1_72' title='bbox 445 1486 557 1566; x_wconf 77' lang='lat' dir='ltr'><strong>species</strong></span> <span class='ocrx_word' id='word_1_73' title='bbox 579 1502 671 1565; x_wconf 85' lang='lat' dir='ltr'><strong>quom</strong></span> <span class='ocrx_word' id='word_1_74' title='bbox 693 1486 754 1550; x_wconf 82' lang='lat' dir='ltr'><strong>ium</strong></span> <span class='ocrx_word' id='word_1_75' title='bbox 770 1483 938 1565; x_wconf 80' lang='lat' dir='ltr'><strong>displiceret</strong></span> <span class='ocrx_word' id='word_1_76' title='bbox 953 1492 981 1545; x_wconf 92' lang='lat' dir='ltr'><strong>et</strong></span> <span class='ocrx_word' id='word_1_77' title='bbox 996 1486 1114 1565; x_wconf 80' lang='lat' dir='ltr'><strong>intepro</strong></span> <span class='ocrx_word' id='word_1_78' title='bbox 1130 1484 1250 1545; x_wconf 80' lang='lat' dir='ltr'><strong>breuior</strong></span> 
     </span>
     <span class='ocr_line' id='line_1_12' title="bbox 163 1586 1251 1670; baseline 0 -20"><span class='ocrx_word' id='word_1_79' title='bbox 163 1589 333 1666; x_wconf 82' lang='lat' dir='ltr'><strong>videretur,</strong></span> <span class='ocrx_word' id='word_1_80' title='bbox 358 1588 564 1669; x_wconf 59' lang='lat' dir='ltr'><strong>magnitudine</strong></span> <span class='ocrx_word' id='word_1_81' title='bbox 588 1587 713 1649; x_wconf 82' lang='lat' dir='ltr'><strong>Pindari</strong></span> <span class='ocrx_word' id='word_1_82' title='bbox 734 1587 856 1649; x_wconf 79' lang='lat' dir='ltr'><strong>adserta</strong></span> <span class='ocrx_word' id='word_1_83' title='bbox 877 1595 934 1666; x_wconf 83' lang='lat' dir='ltr'><strong>est,</strong></span> <span class='ocrx_word' id='word_1_84' title='bbox 963 1588 1017 1670; x_wconf 86' lang='lat' dir='ltr'><strong>qui</strong></span> <span class='ocrx_word' id='word_1_85' title='bbox 1036 1590 1126 1650; x_wconf 85' lang='lat' dir='ltr'><strong>etiam</strong></span> <span class='ocrx_word' id='word_1_86' title='bbox 1148 1586 1251 1650; x_wconf 76' lang='lat' dir='ltr'><strong>liberis</strong></span> 
     </span>
     <span class='ocr_line' id='line_1_13' title="bbox 162 1690 532 1753; baseline -0.005 -1"><span class='ocrx_word' id='word_1_87' title='bbox 162 1693 299 1753; x_wconf 73' lang='lat' dir='ltr'><strong>iinmerir</strong></span> <span class='ocrx_word' id='word_1_88' title='bbox 314 1691 416 1753; x_wconf 78' lang='lat' dir='ltr'><strong>modos</strong></span> <span class='ocrx_word' id='word_1_89' title='bbox 431 1690 532 1752; x_wconf 77' lang='lat' dir='ltr'><em>edidit.</em></span> 
     </span>
    </p>
   </div>
   <div class='ocr_carea' id='block_1_4' title="bbox 157 1858 1248 3256">
    <p class='ocr_par' dir='ltr' id='par_1_4' title="bbox 158 1858 1248 2566">
     <span class='ocr_line' id='line_1_14' title="bbox 249 1858 1248 1945; baseline -0.002 -20"><span class='ocrx_word' id='word_1_90' title='bbox 249 1858 364 1942; x_wconf 59' lang='lat'><strong>5572.</strong></span> <span class='ocrx_word' id='word_1_91' title='bbox 398 1863 564 1924; x_wconf 90' lang='lat' dir='ltr'><strong>Primum</strong></span> <span class='ocrx_word' id='word_1_92' title='bbox 585 1871 616 1924; x_wconf 92' lang='lat' dir='ltr'><strong>et</strong></span> <span class='ocrx_word' id='word_1_93' title='bbox 637 1864 884 1945; x_wconf 85' lang='lat' dir='ltr'><strong>antiquissimum</strong></span> <span class='ocrx_word' id='word_1_94' title='bbox 908 1880 1031 1943; x_wconf 78' lang='lat' dir='ltr'><strong>genus</strong></span> <span class='ocrx_word' id='word_1_95' title='bbox 1053 1863 1248 1944; x_wconf 89' lang='lat' dir='ltr'><strong>stropha-</strong></span> 
     </span>
     <span class='ocr_line' id='line_1_15' title="bbox 159 1966 1248 2047; baseline -0.001 -18"><span class='ocrx_word' id='word_1_96' title='bbox 159 1986 244 2029; x_wconf 89' lang='lat' dir='ltr'><strong>rum</strong></span> <span class='ocrx_word' id='word_1_97' title='bbox 268 1987 307 2027; x_wconf 82' lang='lat' dir='ltr'><strong>ex</strong></span> <span class='ocrx_word' id='word_1_98' title='bbox 323 1966 445 2028; x_wconf 91' lang='lat' dir='ltr'><strong>duobus</strong></span> <span class='ocrx_word' id='word_1_99' title='bbox 464 1967 604 2029; x_wconf 88' lang='lat' dir='ltr'><strong>versibus</strong></span> <span class='ocrx_word' id='word_1_100' title='bbox 619 1968 793 2046; x_wconf 83' lang='lat' dir='ltr'><strong>constabat,</strong></span> <span class='ocrx_word' id='word_1_101' title='bbox 813 1987 875 2029; x_wconf 92' lang='lat' dir='ltr'><strong>uno</strong></span> <span class='ocrx_word' id='word_1_102' title='bbox 890 1968 1038 2047; x_wconf 79' lang='lat' dir='ltr'><strong>longiore,</strong></span> <span class='ocrx_word' id='word_1_103' title='bbox 1062 1967 1156 2028; x_wconf 86' lang='lat' dir='ltr'><strong>altero</strong></span> <span class='ocrx_word' id='word_1_104' title='bbox 1170 1967 1248 2028; x_wconf 88' lang='lat' dir='ltr'><strong>hre—</strong></span> 
     </span>
     <span class='ocr_line' id='line_1_16' title="bbox 159 2062 1248 2154; baseline -0.004 -21"><span class='ocrx_word' id='word_1_105' title='bbox 159 2074 265 2133; x_wconf 87' lang='lat' dir='ltr'><strong>viore:</strong></span> <span class='ocrx_word' id='word_1_106' title='bbox 293 2071 347 2151; x_wconf 91' lang='lat' dir='ltr'><strong>qui</strong></span> <span class='ocrx_word' id='word_1_107' title='bbox 367 2070 510 2150; x_wconf 84' lang='lat' dir='ltr'><strong>appellati</strong></span> <span class='ocrx_word' id='word_1_108' title='bbox 531 2081 605 2132; x_wconf 91' lang='lat' dir='ltr'><strong>sunt</strong></span> <span class='ocrx_word' id='word_1_109' title='bbox 627 2070 751 2152; x_wconf 91' lang='lat' dir='ltr'><strong>epodi,</strong></span> <span class='ocrx_word' id='word_1_110' title='bbox 778 2071 883 2133; x_wconf 89' lang='lat' dir='ltr'><strong>Graeci</strong></span> <span class='ocrx_word' id='word_1_111' title='bbox 905 2062 1035 2154; x_wconf 80' lang='grc' dir='ltr'>ἔπῳδοὶ</span> <span class='ocrx_word' id='word_1_112' title='bbox 1050 2090 1160 2151; x_wconf 82' lang='lat' dir='ltr'><strong>genere</strong></span> <span class='ocrx_word' id='word_1_113' title='bbox 1177 2089 1248 2130; x_wconf 89' lang='lat' dir='ltr'><strong>ma-</strong></span> 
     </span>
     <span class='ocr_line' id='line_1_17' title="bbox 158 2174 1244 2255; baseline -0.003 -17"><span class='ocrx_word' id='word_1_114' title='bbox 158 2175 296 2253; x_wconf 82' lang='lat' dir='ltr'><strong>sculino,</strong></span> <span class='ocrx_word' id='word_1_115' title='bbox 327 2192 388 2252; x_wconf 90' lang='lat' dir='ltr'><strong>quo</strong></span> <span class='ocrx_word' id='word_1_116' title='bbox 414 2175 536 2235; x_wconf 90' lang='lat' dir='ltr'><strong>nomine</strong></span> <span class='ocrx_word' id='word_1_117' title='bbox 559 2176 680 2255; x_wconf 85' lang='lat' dir='ltr'><strong>proprie</strong></span> <span class='ocrx_word' id='word_1_118' title='bbox 704 2174 859 2236; x_wconf 89' lang='lat' dir='ltr'><strong>secundus</strong></span> <span class='ocrx_word' id='word_1_119' title='bbox 883 2193 993 2236; x_wconf 86' lang='lat' dir='ltr'><strong>versus</strong></span> <span class='ocrx_word' id='word_1_120' title='bbox 1017 2174 1244 2254; x_wconf 82' lang='lat' dir='ltr'><strong>designabatur.</strong></span> 
     </span>
     <span class='ocr_line' id='line_1_18' title="bbox 158 2279 1244 2359; baseline -0.001 -19"><span class='ocrx_word' id='word_1_121' title='bbox 158 2281 277 2340; x_wconf 89' lang='lat' dir='ltr'><strong>Horum</strong></span> <span class='ocrx_word' id='word_1_122' title='bbox 294 2279 543 2358; x_wconf 86' lang='lat' dir='ltr'><strong>antiquissimum</strong></span> <span class='ocrx_word' id='word_1_123' title='bbox 566 2289 613 2339; x_wconf 90' lang='lat' dir='ltr'><strong>est</strong></span> <span class='ocrx_word' id='word_1_124' title='bbox 631 2297 755 2340; x_wconf 88' lang='lat' dir='ltr'><strong>carmen</strong></span> <span class='ocrx_word' id='word_1_125' title='bbox 777 2279 1018 2359; x_wconf 79' lang='lat' dir='ltr'><strong>elegiacum,</strong></span> <span class='ocrx_word' id='word_1_126' title='bbox 1045 2280 1110 2340; x_wconf 92' lang='lat' dir='ltr'><strong>sive</strong></span> <span class='ocrx_word' id='word_1_127' title='bbox 1131 2279 1244 2357; x_wconf 77' lang='lat' dir='ltr'><strong>elegi.</strong></span> 
     </span>
     <span class='ocr_line' id='line_1_19' title="bbox 158 2379 1244 2464; baseline -0.001 -21"><span class='ocrx_word' id='word_1_128' title='bbox 158 2380 246 2443; x_wconf 83' lang='lat' dir='ltr'><strong>Alios</strong></span> <span class='ocrx_word' id='word_1_129' title='bbox 270 2379 383 2442; x_wconf 90' lang='lat' dir='ltr'><strong>deinde</strong></span> <span class='ocrx_word' id='word_1_130' title='bbox 405 2399 515 2443; x_wconf 90' lang='lat' dir='ltr'><strong>versus</strong></span> <span class='ocrx_word' id='word_1_131' title='bbox 538 2383 621 2443; x_wconf 89' lang='lat' dir='ltr'><strong>hunc</strong></span> <span class='ocrx_word' id='word_1_132' title='bbox 647 2385 678 2442; x_wconf 96' lang='lat' dir='ltr'><strong>in</strong></span> <span class='ocrx_word' id='word_1_133' title='bbox 704 2381 832 2445; x_wconf 90' lang='lat' dir='ltr'><strong>modum</strong></span> <span class='ocrx_word' id='word_1_134' title='bbox 859 2384 1013 2464; x_wconf 87' lang='lat' dir='ltr'><strong>copulavit</strong></span> <span class='ocrx_word' id='word_1_135' title='bbox 1035 2381 1244 2463; x_wconf 60' lang='lat' dir='ltr'><strong>Archilochus</strong></span> 
     </span>
     <span class='ocr_line' id='line_1_20' title="bbox 158 2484 905 2566; baseline 0 -20"><span class='ocrx_word' id='word_1_136' title='bbox 158 2503 248 2546; x_wconf 90' lang='lat' dir='ltr'><strong>nnnc</strong></span> <span class='ocrx_word' id='word_1_137' title='bbox 264 2484 342 2545; x_wconf 91' lang='lat' dir='ltr'><strong>duos</strong></span> <span class='ocrx_word' id='word_1_138' title='bbox 358 2485 512 2566; x_wconf 86' lang='lat' dir='ltr'><strong>simplices</strong></span> <span class='ocrx_word' id='word_1_139' title='bbox 527 2504 637 2547; x_wconf 89' lang='lat' dir='ltr'><strong>versus</strong></span> <span class='ocrx_word' id='word_1_140' title='bbox 653 2487 851 2566; x_wconf 63' lang='lat' dir='ltr'><strong>coniungens</strong></span> <span class='ocrx_word' id='word_1_141' title='bbox 872 2495 905 2548; x_wconf 91' lang='lat' dir='ltr'><strong>ut</strong></span> 
     </span>
    </p>

    <p class='ocr_par' dir='ltr' id='par_1_5' title="bbox 249 2596 968 2693">
     <span class='ocr_line' id='line_1_21' title="bbox 249 2596 968 2693; baseline 0.008 -28"><span class='ocrx_word' id='word_1_142' title='bbox 249 2596 356 2687; x_wconf 78' lang='grc' dir='ltr'><strong><em>πάτερ</em></strong></span> <span class='ocrx_word' id='word_1_143' title='bbox 377 2598 559 2688; x_wconf 78' lang='grc' dir='ltr'><strong><em>Λυκάμβα,</em></strong></span> <span class='ocrx_word' id='word_1_144' title='bbox 589 2604 691 2668; x_wconf 84' lang='grc' dir='ltr'><strong><em>ποῖον</em></strong></span> <span class='ocrx_word' id='word_1_145' title='bbox 713 2599 849 2693; x_wconf 77' lang='grc' dir='ltr'><strong><em>ἐφρολονι</em></strong></span> <span class='ocrx_word' id='word_1_146' title='bbox 871 2598 968 2686; x_wconf 74' lang='grc' dir='ltr'><strong><em>τόδος</em></strong></span> 
     </span>
    </p>

    <p class='ocr_par' dir='ltr' id='par_1_6' title="bbox 158 2702 883 2912">
     <span class='ocr_line' id='line_1_22' title="bbox 291 2702 790 2796; baseline 0 -25"><span class='ocrx_word' id='word_1_147' title='bbox 291 2704 343 2782; x_wconf 82' lang='grc' dir='ltr'><strong>τίς</strong></span> <span class='ocrx_word' id='word_1_148' title='bbox 364 2704 427 2783; x_wconf 81' lang='grc' dir='ltr'><strong>σὰς</strong></span> <span class='ocrx_word' id='word_1_149' title='bbox 447 2702 628 2794; x_wconf 79' lang='grc' dir='ltr'><strong><em>παρήειρεν</em></strong></span> <span class='ocrx_word' id='word_1_150' title='bbox 650 2704 790 2796; x_wconf 59' lang='lat' dir='ltr'><strong>(peirac,</strong></span> 
     </span>
     <span class='ocr_line' id='line_1_23' title="bbox 158 2830 883 2912; baseline 0.003 -20"><span class='ocrx_word' id='word_1_151' title='bbox 158 2848 247 2892; x_wconf 89' lang='lat' dir='ltr'><strong>nuno</strong></span> <span class='ocrx_word' id='word_1_152' title='bbox 263 2830 310 2889; x_wconf 91' lang='lat' dir='ltr'><strong>vel</strong></span> <span class='ocrx_word' id='word_1_153' title='bbox 327 2832 459 2909; x_wconf 91' lang='lat' dir='ltr'><strong>priorem</strong></span> <span class='ocrx_word' id='word_1_154' title='bbox 475 2830 588 2892; x_wconf 89' lang='lat' dir='ltr'><strong>faciens</strong></span> <span class='ocrx_word' id='word_1_155' title='bbox 604 2840 825 2912; x_wconf 85' lang='lat' dir='ltr'><strong>asynartetum,</strong></span> <span class='ocrx_word' id='word_1_156' title='bbox 847 2841 883 2894; x_wconf 88' lang='lat' dir='ltr'><strong>ut</strong></span> 
     </span>
    </p>

    <p class='ocr_par' dir='ltr' id='par_1_7' title="bbox 247 2943 1150 3039">
     <span class='ocr_line' id='line_1_24' title="bbox 247 2943 1150 3039; baseline 0.004 -29"><span class='ocrx_word' id='word_1_157' title='bbox 247 2949 341 3025; x_wconf 85' lang='grc' dir='ltr'><strong><em>τοῖος</em></strong></span> <span class='ocrx_word' id='word_1_158' title='bbox 362 2945 423 3036; x_wconf 79' lang='grc' dir='ltr'><strong>γὰρ</strong></span> <span class='ocrx_word' id='word_1_159' title='bbox 446 2945 625 3039; x_wconf 77' lang='grc' dir='ltr'><strong><em>φιλότητος</em></strong></span> <span class='ocrx_word' id='word_1_160' title='bbox 648 2943 731 3034; x_wconf 74' lang='grc' dir='ltr'><strong><em>ἔρως</em></strong></span> <span class='ocrx_word' id='word_1_161' title='bbox 751 2944 818 3015; x_wconf 77' lang='grc' dir='ltr'><strong>ὑπὸ</strong></span> <span class='ocrx_word' id='word_1_162' title='bbox 841 2944 979 3037; x_wconf 78' lang='grc' dir='ltr'><strong><em>καρδίην</em></strong></span> <span class='ocrx_word' id='word_1_163' title='bbox 1001 2943 1150 3031; x_wconf 74' lang='grc' dir='ltr'><strong><em>ἓλιχθείς</em></strong></span> 
     </span>
    </p>

    <p class='ocr_par' dir='ltr' id='par_1_8' title="bbox 157 3044 964 3256">
     <span class='ocr_line' id='line_1_25' title="bbox 292 3044 964 3140; baseline 0.006 -25"><span class='ocrx_word' id='word_1_164' title='bbox 292 3049 419 3140; x_wconf 78' lang='grc' dir='ltr'><strong><em>πολλὴν</em></strong></span> <span class='ocrx_word' id='word_1_165' title='bbox 441 3044 511 3117; x_wconf 75' lang='grc' dir='ltr'><strong><em>κάτ’</em></strong></span> <span class='ocrx_word' id='word_1_166' title='bbox 535 3046 636 3135; x_wconf 68' lang='lat' dir='ltr'><em>dxi-dv</em></span> <span class='ocrx_word' id='word_1_167' title='bbox 659 3045 816 3137; x_wconf 76' lang='grc' dir='ltr'>ὀμμάτων</span> <span class='ocrx_word' id='word_1_168' title='bbox 837 3048 964 3135; x_wconf 72' lang='grc' dir='ltr'><strong><em>ἔχευεν·</em></strong></span> 
     </span>
     <span class='ocr_line' id='line_1_26' title="bbox 157 3175 928 3256; baseline 0 -19"><span class='ocrx_word' id='word_1_169' title='bbox 157 3176 214 3237; x_wconf 82' lang='lat' dir='ltr'><strong>vet</strong></span> <span class='ocrx_word' id='word_1_170' title='bbox 229 3177 437 3254; x_wconf 83' lang='lat' dir='ltr'><strong>posteriorem,</strong></span> <span class='ocrx_word' id='word_1_171' title='bbox 456 3175 540 3256; x_wconf 94' lang='lat' dir='ltr'><strong>quod</strong></span> <span class='ocrx_word' id='word_1_172' title='bbox 555 3178 691 3238; x_wconf 89' lang='lat' dir='ltr'><strong>imitatus</strong></span> <span class='ocrx_word' id='word_1_173' title='bbox 707 3188 754 3240; x_wconf 90' lang='lat' dir='ltr'><strong>est</strong></span> <span class='ocrx_word' id='word_1_174' title='bbox 769 3179 928 3240; x_wconf 87' lang='lat' dir='ltr'><strong>Horatius:</strong></span> 
     </span>
    </p>
   </div>
   <div class='ocr_carea' id='block_1_5' title="bbox 249 3297 1166 3482">
    <p class='ocr_par' dir='ltr' id='par_1_9' title="bbox 249 3297 1166 3482">
     <span class='ocr_line' id='line_1_27' title="bbox 249 3297 1033 3377; baseline 0.003 -19"><span class='ocrx_word' id='word_1_175' title='bbox 249 3297 375 3358; x_wconf 76' lang='lat' dir='ltr'><strong>horrido</strong></span> <span class='ocrx_word' id='word_1_176' title='bbox 391 3304 547 3377; x_wconf 81' lang='lat' dir='ltr'><strong>tempestus</strong></span> <span class='ocrx_word' id='word_1_177' title='bbox 562 3299 680 3359; x_wconf 82' lang='lat' dir='ltr'><strong>coetum</strong></span> <span class='ocrx_word' id='word_1_178' title='bbox 696 3300 860 3377; x_wconf 76' lang='lat' dir='ltr'><strong>contremit,</strong></span> <span class='ocrx_word' id='word_1_179' title='bbox 880 3306 908 3360; x_wconf 91' lang='lat' dir='ltr'><strong>et</strong></span> <span class='ocrx_word' id='word_1_180' title='bbox 923 3297 1033 3360; x_wconf 74' lang='lat' dir='ltr'><strong>imbres</strong></span> 
     </span>
     <span class='ocr_line' id='line_1_28' title="bbox 291 3399 1166 3482; baseline 0.005 -22"><span class='ocrx_word' id='word_1_181' title='bbox 291 3401 434 3482; x_wconf 82' lang='lat' dir='ltr'><strong>nivesque</strong></span> <span class='ocrx_word' id='word_1_182' title='bbox 449 3399 599 3464; x_wconf 83' lang='lat' dir='ltr'><strong>deducunt</strong></span> <span class='ocrx_word' id='word_1_183' title='bbox 612 3405 731 3464; x_wconf 84' lang='lat' dir='ltr'><strong>locem:</strong></span> <span class='ocrx_word' id='word_1_184' title='bbox 748 3421 828 3465; x_wconf 80' lang='lat' dir='ltr'><strong>nunc</strong></span> <span class='ocrx_word' id='word_1_185' title='bbox 842 3421 937 3481; x_wconf 84' lang='lat' dir='ltr'><strong>more,</strong></span> <span class='ocrx_word' id='word_1_186' title='bbox 957 3420 1037 3464; x_wconf 81' lang='grc' dir='ltr'><strong><em>οιιοο</em></strong></span> <span class='ocrx_word' id='word_1_187' title='bbox 1050 3402 1166 3479; x_wconf 72' lang='lat' dir='ltr'><strong>ritune,</strong></span> 
     </span>
    </p>
   </div>
   <div class='ocr_carea' id='block_1_6' title="bbox 154 3520 833 3602">
    <p class='ocr_par' dir='ltr' id='par_1_10' title="bbox 154 3520 833 3602">
     <span class='ocr_line' id='line_1_29' title="bbox 154 3520 833 3602; baseline -0.001 -18"><span class='ocrx_word' id='word_1_188' title='bbox 154 3540 246 3584; x_wconf 91' lang='lat' dir='ltr'><strong>nunc</strong></span> <span class='ocrx_word' id='word_1_189' title='bbox 260 3529 438 3602; x_wconf 91' lang='lat' dir='ltr'><strong>utrumque,</strong></span> <span class='ocrx_word' id='word_1_190' title='bbox 457 3520 541 3602; x_wconf 91' lang='lat' dir='ltr'><strong>quod</strong></span> <span class='ocrx_word' id='word_1_191' title='bbox 556 3521 627 3583; x_wconf 90' lang='lat' dir='ltr'><strong>fecit</strong></span> <span class='ocrx_word' id='word_1_192' title='bbox 643 3523 833 3586; x_wconf 85' lang='lat' dir='ltr'><strong>Simonides:</strong></span> 
     </span>
    </p>
   </div>
   <div class='ocr_carea' id='block_1_7' title="bbox 249 3629 1187 3831">
    <p class='ocr_par' dir='ltr' id='par_1_11' title="bbox 249 3629 1187 3831">
     <span class='ocr_line' id='line_1_30' title="bbox 249 3629 1187 3729; baseline 0.004 -28"><span class='ocrx_word' id='word_1_193' title='bbox 249 3634 394 3703; x_wconf 78' lang='grc' dir='ltr'><strong><em>πολλάκι</em></strong></span> <span class='ocrx_word' id='word_1_194' title='bbox 416 3635 456 3728; x_wconf 82' lang='grc' dir='ltr'><strong>δὴ</strong></span> <span class='ocrx_word' id='word_1_195' title='bbox 480 3639 587 3729; x_wconf 80' lang='grc' dir='ltr'><strong><em>φυλῆς</em></strong></span> <span class='ocrx_word' id='word_1_196' title='bbox 608 3635 848 3723; x_wconf 61' lang='grc' dir='ltr'><strong><em>Ἀκαμαντίδος</em></strong></span> <span class='ocrx_word' id='word_1_197' title='bbox 870 3637 903 3706; x_wconf 80' lang='grc' dir='ltr'><strong>δν</strong></span> <span class='ocrx_word' id='word_1_198' title='bbox 922 3642 1072 3728; x_wconf 79' lang='grc' dir='ltr'><strong><em>χοροῖσιν</em></strong></span> <span class='ocrx_word' id='word_1_199' title='bbox 1087 3629 1187 3726; x_wconf 83' lang='grc' dir='ltr'><strong><em>Ὧραι</em></strong></span> 
     </span>
     <span class='ocr_line' id='line_1_31' title="bbox 291 3735 1079 3831; baseline 0.004 -26"><span class='ocrx_word' id='word_1_200' title='bbox 291 3735 501 3823; x_wconf 75' lang='grc' dir='ltr'><strong><em>ἀνωλόλυξαν</em></strong></span> <span class='ocrx_word' id='word_1_201' title='bbox 522 3738 742 3831; x_wconf 87' lang='grc' dir='ltr'><strong><em>κισσοφόροις</em></strong></span> <span class='ocrx_word' id='word_1_202' title='bbox 763 3739 823 3810; x_wconf 72' lang='grc' dir='ltr'><strong>ἐπὶ</strong></span> <span class='ocrx_word' id='word_1_203' title='bbox 846 3741 1079 3831; x_wconf 78' lang='grc' dir='ltr'><strong><em>διθυράμβοις.</em></strong></span> 
     </span>
    </p>
   </div>
   <div class='ocr_carea' id='block_1_8' title="bbox 152 3863 1247 4051">
    <p class='ocr_par' dir='ltr' id='par_1_12' title="bbox 152 3863 1247 4051">
     <span class='ocr_line' id='line_1_32' title="bbox 153 3863 1247 3952; baseline -0.001 -23"><span class='ocrx_word' id='word_1_204' title='bbox 153 3868 198 3929; x_wconf 82' lang='grc' dir='ltr'><strong>Ει</strong></span> <span class='ocrx_word' id='word_1_205' title='bbox 213 3875 250 3927; x_wconf 91' lang='lat' dir='ltr'><strong>ut</strong></span> <span class='ocrx_word' id='word_1_206' title='bbox 266 3867 364 3927; x_wconf 92' lang='lat' dir='ltr'><strong>minor</strong></span> <span class='ocrx_word' id='word_1_207' title='bbox 379 3886 487 3929; x_wconf 90' lang='lat' dir='ltr'><strong>versus</strong></span> <span class='ocrx_word' id='word_1_208' title='bbox 503 3867 716 3948; x_wconf 85' lang='lat' dir='ltr'><strong>praecederet,</strong></span> <span class='ocrx_word' id='word_1_209' title='bbox 739 3867 822 3948; x_wconf 92' lang='lat' dir='ltr'><strong>quod</strong></span> <span class='ocrx_word' id='word_1_210' title='bbox 838 3888 934 3948; x_wconf 89' lang='lat' dir='ltr'><strong>quum</strong></span> <span class='ocrx_word' id='word_1_211' title='bbox 953 3869 999 3947; x_wconf 83' lang='lat' dir='ltr'><strong>tit,</strong></span> <span class='ocrx_word' id='word_1_212' title='bbox 1025 3863 1183 3952; x_wconf 77' lang='grc' dir='ltr'><strong><em>ττρορνδδς</em></strong></span> <span class='ocrx_word' id='word_1_213' title='bbox 1198 3868 1247 3929; x_wconf 84' lang='lat' dir='ltr'><strong>iile</strong></span> 
     </span>
     <span class='ocr_line' id='line_1_33' title="bbox 152 3971 597 4051; baseline 0.002 -20"><span class='ocrx_word' id='word_1_214' title='bbox 152 3989 272 4051; x_wconf 78' lang='lat' dir='ltr'><strong>genere</strong></span> <span class='ocrx_word' id='word_1_215' title='bbox 288 3971 455 4032; x_wconf 84' lang='lat' dir='ltr'><strong>masculino</strong></span> <span class='ocrx_word' id='word_1_216' title='bbox 471 3971 597 4032; x_wconf 91' lang='lat' dir='ltr'><strong>dicitur:</strong></span> 
     </span>
    </p>
   </div>
   <div class='ocr_carea' id='block_1_9' title="bbox 165 4091 982 4280">
    <p class='ocr_par' dir='ltr' id='par_1_13' title="bbox 165 4091 982 4280">
     <span class='ocr_line' id='line_1_34' title="bbox 293 4091 855 4173; baseline 0.007 -22"><span class='ocrx_word' id='word_1_217' title='bbox 293 4092 375 4169; x_wconf 81' lang='lat' dir='ltr'><strong>Pedi,</strong></span> <span class='ocrx_word' id='word_1_218' title='bbox 394 4093 471 4155; x_wconf 79' lang='lat' dir='ltr'><strong>nidd</strong></span> <span class='ocrx_word' id='word_1_219' title='bbox 484 4112 540 4172; x_wconf 86' lang='lat' dir='ltr'><strong>mc,</strong></span> <span class='ocrx_word' id='word_1_220' title='bbox 558 4091 637 4154; x_wconf 80' lang='lat' dir='ltr'><strong>sicut</strong></span> <span class='ocrx_word' id='word_1_221' title='bbox 652 4099 751 4173; x_wconf 84' lang='lat' dir='ltr'><strong>acteo,</strong></span> <span class='ocrx_word' id='word_1_222' title='bbox 771 4094 855 4156; x_wconf 79' lang='grc' dir='ltr'><strong><em>ιἰιοοι</em></strong></span> 
     </span>
     <span class='ocr_line' id='line_1_35' title="bbox 165 4194 982 4280; baseline 0.002 -26"><span class='ocrx_word' id='word_1_223' title='bbox 165 4271 171 4280; x_wconf 34' lang='lat'><strong>·</strong></span> <span class='ocrx_word' id='word_1_224' title='bbox 247 4194 379 4256; x_wconf 76' lang='lat' dir='ltr'><strong>scribere</strong></span> <span class='ocrx_word' id='word_1_225' title='bbox 395 4197 559 4259; x_wconf 80' lang='lat' dir='ltr'><strong>versicolor</strong></span> <span class='ocrx_word' id='word_1_226' title='bbox 574 4215 676 4258; x_wconf 84' lang='lat' dir='ltr'><strong>ornere</strong></span> <span class='ocrx_word' id='word_1_227' title='bbox 689 4216 866 4277; x_wconf 76' lang='lat' dir='ltr'><strong>percussum</strong></span> <span class='ocrx_word' id='word_1_228' title='bbox 882 4198 982 4277; x_wconf 79' lang='lat' dir='ltr'><strong>provi.</strong></span> 
     </span>
    </p>
   </div>
   <div class='ocr_carea' id='block_1_10' title="bbox 0 0 1406 4912">
    <p class='ocr_par' dir='ltr' id='par_1_14' title="bbox 0 0 1406 4912">
     <span class='ocr_line' id='line_1_36' title="bbox 0 0 1406 4912; baseline 0 0"><span class='ocrx_word' id='word_1_229' title='bbox 0 0 1406 4912; x_wconf 95' lang='lat' dir='ltr'><strong> </strong></span> 
     </span>
    </p>
   </div>
  </div>
 </body>
</html>
