2804 4912
159 307 219 370 136
562 324 619 365 um.
639 324 672 365 n.
697 323 761 365 car.
778 322 862 365 mv.

197 530 200 535 .
245 477 269 558 ᾗ
283 473 361 541 404.
387 477 478 537 Primi
493 476 613 555 generis
629 476 660 537 hi
675 494 785 538 versus
800 485 891 539 sunt:

244 586 304 659 οὐκ
328 589 412 673 ἔτος
437 581 464 655 ὦ
487 593 649 677 γυναῖκες.

243 691 469 779 δακρυόεσσάν
491 687 519 759 τ>
542 690 700 783 ἐφίλησεν
722 690 856 778 αἰχμάν.
1168 760 1172 769 ,

242 796 337 864 δεῦτέ
358 823 426 877 νυν,
450 792 553 886 ἆβραί
575 795 736 884 Χάριτες,
765 792 973 883 καλλίκομοί
993 823 1034 865 τε
1055 802 1204 867 Μοῖσαι.

155 927 223 1000 Quo
250 924 282 984 in
306 941 416 1002 genere
439 922 622 1001 Hephaestio
643 919 866 985 Anacreontem
889 922 1030 1004 quodam
1061 924 1097 987 in
1118 926 1237 987 eorum

156 1043 279 1106 semper
291 1026 424 1106 primam
439 1026 521 1086 arsin
537 1026 666 1089 solvisse
681 1026 740 1087 ait:

242 1136 455 1224 ἀναπέτομαι
477 1137 517 1228 δὴ
538 1137 625 1224 πρὸς
637 1134 812 1225 Ὄλυμπον
832 1136 1037 1228 πτερύγεσσι
1058 1139 1206 1234 κούφαις

242 1244 300 1312 διὰ
322 1241 379 1310 τὸν
401 1236 510 1329 ἔρωτ’·
533 1237 572 1308 οὗ
595 1240 657 1330 γὰρ
681 1241 758 1327 ἐμοὶ
779 1246 864 1322 παῖς
885 1241 1003 1311 ἐθέλει
1024 1250 1187 1336 συνφβᾶν.

156 1374 347 1433 Pentemetm
370 1368 576 1431 Callimachus
598 1370 752 1450 integrum
778 1388 919 1449 carmen,
947 1370 1147 1452 Branchum,
1170 1380 1239 1435 eon-¹

157 1473 251 1536 didit:
1214 1492 1218 1497 '

242 1584 400 1672 δαίμονες
428 1581 661 1671 εὐυμνότατοι,
693 1585 801 1672 wolfi&
824 1611 861 1654 τε
889 1586 947 1654 καὶ
974 1590 1069 1672 Ζεῦ,
1100 1588 1177 1659 διδί

764 1687 929 1779 μενάρχαι.
1138 1782 1143 1787 ι
1233 1696 1237 1703 ’

157 1819 374 1879 hexametrum
404 1816 445 1878 ab
472 1837 505 1879 se
531 1816 692 1878 inventum
719 1814 864 1895 gloriatus
890 1824 938 1877 est
963 1816 1102 1882 Philicus
1129 1820 1231 1901 Cercy-

156 1940 264 1998 raeus;
291 1920 381 2001 laiso,
408 1939 505 2000 quum
521 1920 664 1981 Simmias
686 1920 747 1981 iam
771 1938 806 1980 eo
828 1938 906 1981 usus
927 1918 1077 1983 fueritin
1093 1924 1231 1987 Socratis

156 2025 187 2085 iu
202 2020 277 2085 Alis.

241 2226 356 2309 5405.
384 2230 477 2291 Tertii
496 2231 616 2310 generis
637 2226 717 2309 (nam
736 2229 909 2292 secundum
931 2229 963 2290 in
985 2231 1025 2292 iis
1046 2234 1246 2319 pensurum,

156 2332 310 2412 versibus,
330 2334 383 2412 qui
398 2333 488 2395 basin
504 2333 629 2412 habent,
651 2331 816 2415 invenitur)
837 2332 1122 2416 Hephaestiohaee
1134 2356 1234 2433 exeun

154 2437 205 2518 pla
221 2435 325 2498 affert:

243 2548 418 2618 ὶστόπουοι
439 2546 603 2640 μείρακες.

242 2649 322 2721 σι’δὲ
344 2651 485 2722 λεόντων
507 2653 637 2738 σθένος,
662 2649 742 2723 αἰδὲ
762 2649 897 2744 τροφαί.

241 2754 283 2826 αἲ
300 2754 491 2848 Κυθερείας
512 2753 677 2825 ἐπῃνεῖτ’
700 2750 797 2845 ὄργια
818 2754 1028 2825 λευκωλένου.

155 2888 189 2948 ln
204 2882 415 2965 Aristophanis
431 2886 597 2964 Lysistrata
613 2904 643 2945 v.
664 2885 736 2945 338.
756 2882 955 2946 scribendum
971 2882 1120 2950 videtur:

239 2996 303 3068 ἀνὰ
324 2997 436 3084 πόλιν,
459 2997 506 3080 ὡς
527 2999 561 3079 ἐς
581 2997 797 3091 τριτάλαντον
816 2995 928 3088 βάρος.

155 3127 304 3208 Strophiei
319 3144 429 3189 versus
444 3134 507 3187 tres
522 3126 647 3188 ultimae
662 3124 801 3205 syllabae
816 3124 1005 3187 exciderunt.

240 3328 355 3413 5406.
388 3333 538 3411 Quartae,
577 3334 719 3412 quintae,
758 3341 863 3394 sextae
901 3332 1133 3398 terminationis
1170 3338 1262 3401 huet·

155 3436 296 3517 exempla
318 3437 388 3498 sint,
421 3432 575 3515 Aristoph.
594 3437 720 3515 Lysistr.
741 3435 813 3498 323.
833 3435 926 3516 Soph.
946 3432 993 3497 hi.
1013 3435 1093 3501 226.
1128 3438 1232 3505 Assrh

154 3541 190 3602 S.·
205 3539 246 3602 ad
261 3540 317 3601 rh,
338 3541 411 3600 itt.

221 3664 224 3669 ’
240 3680 276 3723 τε
296 3653 354 3722 καὶ
375 3651 565 3742 Κριτύλλαν
583 3651 809 3744 περιφυσήτω.

239 3757 299 3826 τὰν
320 3753 339 3824 ὅ
359 3756 462 3845 μέγας
481 3762 594 3842 μῦθος
616 3751 716 3839 ἀέξει.

240 3858 455 3929 αὕτοδάῖκτοι
469 3858 613 3929 θάνωσι.

231 4091 264 4172 ’ᾗ
278 4087 355 4154 407.
381 4092 853 4171 Dimetercatalecticus,
872 4093 925 4172 qui
941 4096 1241 4161 exunoorulinelo-

156 4194 297 4280 genedius
312 4204 447 4277 constat,
467 4215 568 4278 neque
583 4196 806 4276 choriambicis,
825 4196 884 4259 nisi
899 4196 972 4277 quia
986 4197 1124 4263 catalexi
1139 4202 1243 4267 inser-
