2804 4912
152 288 192 352 38
553 307 609 348 nra.
630 306 662 348 n.
696 307 758 349 cnr.
778 307 828 348 vn.

153 462 314 542 Dactylum
327 462 433 523 Graeci
449 480 510 522 non
522 461 581 522 nisi
596 460 628 521 in
643 461 767 521 nomine
777 460 901 540 proprio
913 458 1090 520 admittunt.
1117 459 1240 519 Emen-

152 565 274 627 datione
290 585 368 645 opus
384 567 477 627 estin
493 563 647 644 Aristoph.
667 563 725 644 Eq.
739 565 795 658 30l
804 610 811 625 .
842 564 908 622 Non
923 571 971 623 est
985 572 1088 624 autem
1104 561 1149 623 ihi
1166 554 1243 644 ἱρὰς

152 668 370 749 scribendum,
389 688 450 748 qua
466 668 562 731 forma
578 687 639 729 non
655 675 787 730 utuntur
803 667 919 727 comici.

237 889 353 972 5118.
380 893 514 972 Tragici,
541 892 686 972 quoniam
708 891 785 952 haec
806 891 939 970 legitima
954 898 1123 970 systemata
1138 893 1243 952 comi-

153 1015 258 1058 corum
273 997 395 1076 propria
411 995 616 1073 habebantur,
636 1003 691 1055 aut
704 995 839 1074 incipere
855 1013 891 1054 ea
906 993 965 1054 alio
979 1013 1109 1055 nurnero
1124 995 1238 1074 solent,

153 1109 206 1161 aut
222 1095 319 1176 linire,
338 1109 374 1160 ut
388 1097 553 1179 Euripides
569 1099 601 1158 in
618 1099 725 1159 Oreste
740 1116 769 1157 v.
786 1099 857 1156 996.
877 1095 926 1157 ed.
947 1098 1028 1158 Pors.

239 1212 321 1281 ὅθεν
337 1211 406 1301 ἔρις
420 1215 509 1279 τότε
524 1211 694 1299 πτερωτὸν

240 1313 337 1384 ἁλίου
352 1315 532 1400 μετέβαλεν
548 1313 638 1402 ἅρμα

238 1419 300 1487 τὰν
314 1417 400 1507 πρὸς
414 1415 559 1506 ἑσπέραν
572 1419 734 1488 κέλευθον

241 1519 384 1611 οὐρανοῦ
399 1520 664 1609 προςαρμόσασα

303 1624 503 1710 μονόπωλον
518 1625 552 1704 ἐς
567 1621 627 1692 ἀῶ.

239 1852 355 1936 §llil
390 1856 605 1916 Trimetros
631 1876 689 1916 nec
711 1855 899 1936 tragoediam
925 1875 1027 1936 neque
1050 1857 1243 1920 comoediam

154 1978 302 2039 umquam
315 1960 476 2038 agnovisse
487 1967 569 2020 recte
581 1958 654 2019 dicit
665 1959 821 2020 Bentleins
833 1959 874 2021 ad
887 1960 948 2020 Cic.
964 1961 1000 2032 Q.
1013 1962 1103 2021 Tusc.
1119 1961 1169 2022 lll.
1187 1944 1240 2023 lt.

155 2065 187 2125 Si
203 2064 256 2143 qui
271 2062 402 2122 inveniri
417 2061 578 2140 videntur,
598 2071 634 2123 ut
648 2080 726 2142 quos
741 2061 932 2124 Gaislordius
947 2062 988 2124 ad
1000 2063 1096 2143 Heph.
1117 2084 1149 2144 p.
1163 2066 1239 2128 toa.

154 2187 193 2228 ex
207 2165 300 2246 Soph.
321 2164 397 2226 Oed.
418 2163 481 2225 Col.
503 2168 596 2225 ⁴08⁴.
619 2166 710 2225 toea.
730 2166 835 2244 affert,
861 2167 1016 2247 pertinent
1031 2166 1071 2228 ad
1087 2167 1240 2247 epitritos.

158 2272 190 2331 V.
209 2277 313 2330 tamen
328 2268 425 2329 Elem.
446 2266 478 2329 d.
498 2287 539 2328 m.
558 2286 590 2346 p.
604 2256 680 2328 453Ι
835 2258 845 2274 ’

545 2492 853 2502 w

594 2653 704 2723 cAP.
722 2654 810 2725 VII.

214 2826 273 2895 De
300 2822 547 2908 trochaicis
575 2824 852 2894 tetrametris
880 2825 1178 2897 catalecticis.

241 3007 356 3091 §lm
382 3010 607 3071 Vsitatissimus
622 3018 670 3071 est
692 3018 930 3073 tetrameter
952 3011 1241 3094 catalecticuS,

155 3133 314 3178 caesuram
344 3113 462 3177 habens
492 3113 523 3172 in
554 3114 614 3173 fine
645 3113 801 3175 secundae
831 3114 984 3196 dipodiae.
1030 3115 1107 3176 Eam
1137 3119 1247 3181 comici

155 3239 258 3300 saepe,
277 3217 381 3299 tragici
396 3218 450 3278 vix
464 3216 797 3297 umquam'negligunt.
824 3215 968 3298 Aeschyli
977 3236 1105 3281 versum
1120 3220 1153 3281 in
1164 3222 1245 3282 Per-

156 3324 198 3385 sis
215 3322 287 3382 ter.

241 3414 349 3485 ταῦτά
362 3442 424 3503 μοι
439 3420 543 3509 διπλῆ
556 3413 684 3507 μέριμν’
701 3411 875 3508 &perosos
890 3418 979 3487 ἐστιν
996 3419 1029 3486 ἕν
1045 3420 1175 3511 φρεσίν,

155 3547 216 3588 non
240 3526 320 3586 hene
342 3528 472 3587 correxit
493 3529 643 3589 Porsonus
667 3528 698 3587 in
716 3528 811 3608 prael.
839 3527 879 3590 ad
901 3529 1007 3608 Eurip.
1034 3531 1106 3591 Hec.
1133 3551 1164 3611 p.
1188 3535 1240 3592 ta.

155 3627 359 3692 Scribendum
370 3625 512 3713 μέριμνα
525 3623 679 3715 φραστός.
706 3632 943 3697 Excusationem
954 3652 971 3694 a
984 3634 1152 3694 mutatione
1163 3654 1245 3714 per—

156 3753 257 3809 sonae,
278 3751 436 3795 caesuram
452 3743 590 3795 mutante
602 3753 659 3816 per
673 3753 803 3813 pausam
817 3736 850 3795 in
861 3735 1027 3815 recitando,
1047 3737 1104 3798 hoc
1116 3737 1244 3817 Sopho-

155 3837 209 3897 clis
225 3836 320 3897 hahet
334 3838 366 3897 in
381 3836 502 3898 Philoct.
526 3838 616 3899 mot.

240 3940 281 3999 N.
302 3931 334 4000 εἰ
349 3934 452 4017 δοκεῖ,
469 3933 656 4021 στείχωμεν.
687 3943 727 4003 o.
744 3928 771 4002 ὦ
787 3939 935 4025 γενναῖον
950 3933 1090 4027 εἰρηκώς
1105 3934 1198 4017 ἔπος.

156 4045 190 4106 V.
210 4043 306 4104 Elem.
325 4042 356 4105 d.
376 4063 417 4105 m.
436 4061 467 4122 p.
481 4045 531 4105 37.
553 4044 603 4106 82.
