2804 4912
160 307 221 369 134
538 324 594 368 ras.
615 327 646 367 u.
681 325 743 367 cir.
763 324 857 367 mir,

155 477 247 552 Quod
274 480 427 542 Lucienus
455 481 487 540 in
510 476 782 559 Tragodopodagm
809 497 840 557 r.
861 478 911 538 87.
945 495 1031 557 seqq.
1065 476 1248 539 sataleotico

158 584 290 644 mixtum
304 583 424 662 posuit:

241 696 303 764 τὰν
322 696 383 782 μὲν
404 694 566 787 Καπρίαν
588 691 800 787 Ἀφροδίταν,

241 799 413 889 σιαγόνων
434 805 673 891 προπεοοῦοαν
694 794 755 865 ἀπ’
778 796 931 888 αἰθέρος,

242 899 457 994 ἀνεθρέψατο
479 901 619 988 κόσμιον
639 899 789 990 ἆρμογὰιι

285 1003 398 1086 ἆλίοις
421 1005 470 1074 ἐνὶ
489 1005 613 1091 κύμασι
635 1007 770 1097 Νηρεὺς.

157 1133 259 1195 Semel
273 1133 323 1193 hie
336 1135 369 1193 in
384 1131 486 1194 medio
502 1133 676 1194 catalectico
692 1130 882 1211 spondeum,
906 1130 963 1193 sed
978 1131 1010 1191 in
1024 1132 1150 1193 nomine
1166 1149 1246 1210 pro-

155 1237 231 1317 prio,
250 1234 383 1315 admisit,
402 1255 433 1298 v.
455 1233 525 1297 tor.

241 1353 362 1440 Μοῖρα
384 1348 521 1418 Κλωθὼ
543 1346 610 1419 τότ’
634 1346 777 1418 ἔλουσεν.

158 1473 224 1537 Alia
241 1478 383 1556 exempla
397 1477 550 1556 praebent
563 1477 700 1557 Dionysii
715 1483 746 1538 et
760 1474 940 1538 Mesomedis
957 1473 1073 1556 hymni.

241 1679 358 1763 5399.
390 1683 542 1746 Grebrum
569 1692 618 1745 est
644 1682 730 1764 apud
751 1660 986 1762 Aristophanem
1013 1682 1099 1745 aliud
1128 1701 1237 1765 genus,
1290 1664 1293 1671 ¹

156 1787 332 1866 systematis
348 1788 620 1869 comprehensum:
638 1788 721 1849 utin
736 1788 812 1848 Pace
827 1806 858 1849 v.
879 1784 951 1848 90'9.

240 1893 260 1992 ἦ
282 1901 423 1991 χρηστὸς
444 1897 526 1992 ἀνὴρ
548 1898 652 1969 πολί-

240 2030 316 2085 ταις
337 2005 426 2073 ἐστὶν
447 2003 585 2088 ἅπασιν,
608 2001 663 2084 ὅς-

282 2133 334 2189 τις
355 2105 382 2197 y'
407 2107 478 2176 ἐστὶ
499 2113 663 2189 τοιοῦτος.

240 2317 356 2401 5400.
383 2321 469 2384 idem
488 2328 577 2401 poeta
600 2320 684 2403 apud
698 2317 892 2382 Athenaeum
907 2321 958 2382 lx.
978 2339 1010 2399 p.
1032 2322 1103 2382 4⁴0.
1124 2323 1158 2382 B.
1183 2322 1240 2383 alio

156 2444 252 2487 versu
267 2443 344 2487 usus
359 2434 417 2504 est,
437 2427 526 2487 euius
540 2426 624 2507 prior
636 2444 709 2505 pars
724 2424 828 2486 neseio
850 2443 891 2486 an
906 2444 943 2486 ex
960 2423 1144 2505 vulgaribus
1160 2443 1239 2487 ana-

153 2529 269 2610 paestis
285 2535 419 2590 constet:

240 2642 330 2733 φέρε,
352 2647 436 2727 παῖ,
459 2640 585 2727 ταχέως
608 2640 691 2712 κατὰ
712 2638 823 2732 χειρὸς
844 2638 947 2730 ὕδωρ,
969 2639 1182 2732 παράπεμπε
1202 2642 1238 2712 τὸ

783 2740 1031 2833 χειρόμακτρον.

238 2956 351 3039 5401.
374 2959 459 3022 Multi
471 2960 672 3021 inveniuntur
682 2957 846 3039 logaoediei
858 2976 978 3036 versus,
994 2961 1048 3038 qui
1059 2958 1145 3039 quod
1157 2961 1240 3022 iam-

152 3064 254 3125 bicam
265 3060 562 3142 anacrusinhabent,
573 3063 694 3143 proprie
706 3082 768 3124 non
779 3063 1054 3143 suntanapaest-iei.
1074 3062 1240 3144 Euripides

153 3166 231 3230 Med·
253 3168 324 3229 ⁴52.

238 3277 273 3349 τί
295 3277 351 3349 σοι’
371 3304 456 3349 ποτε
477 3287 539 3361 τᾶς
560 3274 734 3348 ἀπλάστου

238 3381 355 3465 κοίτας
377 3382 461 3475 ἔρος,
489 3375 516 3450 ὦ
538 3380 678 3468 ματαία,

239 3480 378 3556 σπεύσει
399 3484 550 3555 θανάτου
573 3482 743 3554 τελευτάν·

280 3590 386 3681 μηδὲν
407 3587 485 3659 τόδε
508 3584 635 3657 tiseos

152 3719 245 3799 Soph.
265 3716 341 3780 Oed.
358 3716 421 3781 col.
443 3720 514 3777 669.

238 3832 311 3899 ἵκου
334 3828 376 3898 τὰ
400 3826 560 3921 κράτιστα
582 3834 643 3921 μοῖς
664 3828 807 3900 ἔπαυλα.

152 3960 257 4038 Eurip.
278 3958 348 4018 Hee.
375 3959 444 4018 teo.

236 4069 328 4153 θοὰς
348 4068 492 4152 α’κατούς
515 4069 568 4140 ἐπ’
592 4065 695 4158 οἶδμα
718 4069 845 4157 λίμνας.

266 4178 288 4225 3
697 4181 703 4191 .
