2804 4912
459 174 495 215 ns
511 173 644 217 vrnsrnrs
661 172 799 214 casrrcrs·
1131 155 1172 216 69

126 323 218 405 elph.
236 325 282 386 W.
307 327 333 403 t,
355 329 399 404 ἣ,
425 329 467 388 ita
489 325 522 388 id
543 325 677 403 faciunt,
704 335 740 388 ut
757 343 814 404 per
828 326 962 405 vulgaris
985 330 1172 407 pronuntia-

126 427 180 488 ris
206 428 436 509 ambiguitatem
471 429 631 492 delitescat
659 447 822 491 mensurae
852 430 998 510 pravitas.
1046 430 1171 494 Plautus

126 537 178 592 rt.
196 531 231 592 11.
248 533 277 610 i,
291 532 341 592 tt.

174 648 227 714 crit
239 651 348 715 soloni
363 653 461 730 sinat,
479 655 553 734 qudo
569 659 693 734 arpenta
709 653 821 715 imerii.

126 768 165 834 1.
187 771 388 851 rurum

133 929 138 933 -
174 893 289 976 quodne
305 894 413 956 eiectae
428 895 445 955 d
459 895 541 955 mori
554 892 662 956 ombod
673 911 788 972 morus,
808 901 835 956 te
851 893 980 956 obsecro.

174 992 206 1058 tit
219 1002 269 1058 tuo
284 996 415 1078 rdoipios
431 995 513 1075 ticto,
533 998 693 1077 aaronque
707 1014 771 1058 nos.

126 1113 135 1173 i
160 1116 291 1197 scripsit
305 1118 336 1178 in
352 1124 406 1180 tuo
420 1123 454 1178 ut
468 1117 599 1196 recipior
616 1122 703 1178 tecto.

173 1353 288 1438 5207.
314 1359 417 1430 Quum
430 1357 493 1419 [ere
505 1364 681 1419 tetrametro
693 1358 724 1418 hi
740 1366 876 1434 utantur,
892 1377 984 1440 saepe
999 1378 1124 1422 versum
1139 1361 1170 1422 in

126 1476 164 1518 rs
178 1461 322 1541 aequales
338 1470 441 1542 partes
453 1460 587 1524 divisum
604 1469 814 1540 asynartetum
832 1462 979 1524 iecerunt.
1007 1463 1126 1525 Ennius
1141 1464 1172 1523 in

126 1557 318 1626 inomacha:
909 1580 912 1589 ¹

175 1685 245 1766 quid
255 1693 359 1766 petam
372 1684 509 1764 praesidi
522 1692 577 1746 cut
590 1686 756 1766 imaequom
776 1689 870 1767 quive
885 1704 966 1748 crine

175 1785 225 1850 mit
241 1787 361 1848 uuoeitio
378 1785 548 1849 dccciii-adt
560 1784 639 1868 [πιθα
653 1781 733 1864 sre'tc
749 1789 830 1850 sim?
848 1785 849 1790 ’

173 2025 286 2112 5208.
314 2029 453 2106 Plautus,
477 2030 532 2108 qui
549 2046 658 2091 versus
673 2029 808 2092 Creticos
830 2050 923 2111 saepe
945 2032 1013 2094 aliis
1034 2034 1170 2094 numersi

126 2133 283 2212 aar-miscet,
303 2133 335 2193 in
351 2134 477 2194 canticis
488 2131 678 2213 quibusdam
693 2142 725 2195 et
735 2132 893 2213 diverhiis,
911 2135 1072 2216 inquibus
1087 2138 1172 2199 anti-

126 2233 271 2311 ophioam
287 2235 518 2316 dispositionem
533 2235 822 2318 animadvertimus,
841 2256 903 2299 non
920 2238 1009 2301 modo
1025 2238 1172 2303 dimetros

126 2333 241 2401 ternum
257 2341 378 2420 posuit,
397 2338 453 2401 sed
468 2339 592 2418 saepius
608 2340 700 2401 etiam
715 2347 908 2403 tetrametros
924 2343 1123 2421 catalecticos,
1142 2353 1173 2406 et

126 2442 259 2519 »quidem
275 2451 427 2523 quantum
448 2441 575 2505 iudicari
599 2444 630 2503 in
650 2452 733 2506 tauta
756 2454 923 2524 apparatus
942 2446 1043 2526 inopia
1057 2456 1168 2526 potest,

126 2544 178 2607 irtio
191 2547 269 2626 pede
285 2547 424 2609 ultimam
441 2546 575 2610 habente
589 2548 770 2627 ancipitem,
796 2556 905 2627 quarto
920 2557 1024 2611 autem
1040 2549 1172 2612 solutio-

126 2663 163 2710 eu
176 2669 278 2713 arseos
294 2649 484 2712 admittente.
519 2651 562 2713 lta
578 2651 610 2710 in
626 2650 805 2712 Trinummo
821 2652 855 2711 ΙΙ.
878 2653 906 2731 t,
920 2654 968 2713 17.

175 2771 215 2833 dd
231 2772 305 2833 miti·
320 2769 382 2847 troc,
400 2770 458 2832 met
472 2788 580 2845 mcum,
599 2771 626 2832 si
641 2789 686 2832 me
702 2788 797 2848 omos,
816 2773 845 2832 si
859 2769 965 2833 otidis:

174 2874 215 2935 iti
230 2881 292 2936 tum
308 2873 357 2935 itte
372 2871 515 2935 euodius:
533 2872 609 2948 hem,
629 2872 739 2936 -ocdtle
755 2874 806 2950 mi,
824 2873 898 2952 fiet:

174 2980 200 3040 e't
214 2978 300 3049 istuc,
319 2984 347 3038 et
360 2976 389 3036 si
404 2975 532 3057 (implius
545 2978 593 3039 vis
607 2975 687 3053 dari,
707 2975 840 3038 ddbitnr.

174 3080 216 3142 iti
228 3078 401 3160 pendentem
417 3078 508 3158 serit:
526 3081 588 3140 iam
604 3078 844 3159 ‹implius-drot:

174 3187 231 3246 udu
245 3184 319 3244 sotis
336 3183 368 3244 id
383 3186 425 3245 c'st
439 3183 522 3258 muli,
542 3183 576 3244 ni
590 3183 735 3263 <implicat
749 3183 851 3260 etium,

174 3286 251 3370 quod
266 3284 347 3363 bibit,
366 3286 444 3365 quid
458 3292 575 3360 comest,
595 3284 675 3367 quod
686 3284 764 3366 socii
777 3283 896 3365 arimptr'.

173 3393 236 3452 ndoc
252 3390 360 3451 dator:
378 3387 500 3450 doctior
513 3387 638 3468 {cimilia
653 3390 723 3451 tito.

126 3531 171 3574 em
188 3518 321 3572 metrum
337 3511 477 3571 iunctum
491 3507 564 3570 alibi
579 3509 764 3570 tetrametris
779 3509 960 3571 acatalectis.

171 3747 289 3832 5209.
328 3752 430 3813 iunxit
451 3750 576 3812 Plautus
603 3750 694 3812 etiam
722 3749 908 3813 trochaicum
946 3761 1170 3815 monometrum

127 3855 366 3938 percatalectum
382 3855 518 3932 Creticis,
539 3851 709 3933 etquidem
724 3872 807 3915 nunc
822 3855 874 3934 ita,
893 3863 928 3917 ut
942 3855 992 3919 vel
1007 3872 1105 3917 unum
1120 3853 1171 3916 vel

126 3977 193 4023 ares
213 3956 390 4020 huiusmodi
407 3957 572 4020 versiculos
589 3956 716 4019 Creticis
736 3955 935 4037 admisceret,
959 3959 1165 4038 nuncetiam,
