2804 4912
261 280 322 345 158
683 302 739 345 nro.
755 304 788 345 n.
815 302 877 345 cnr.
892 302 938 346 m.

257 452 375 533 ordine,
393 454 508 534 pariter
522 463 558 516 ut
568 454 703 516 trochaei
715 465 745 517 et
756 455 880 537 dactyli.
908 453 952 516 Ac
962 472 1074 535 genera
1087 472 1218 535 quoque
1231 454 1351 517 numeri

256 558 395 637 paeonici
411 556 520 620 eadem
535 560 759 639 comparatione
775 568 850 621 sunt
864 560 1020 641 quinque:

420 695 616 742 va-wv
662 699 775 776 primi
796 717 974 778 paeones.

334 799 541 846 υυυ-ὐνυ-
660 801 799 881 quarti
820 819 1007 880 paeones.

418 902 539 949 va-
658 904 820 983 strophi.

333 1005 466 1052 υωέ-
656 1005 768 1069 dasii.

364 1109 388 1155 .’
413 1107 518 1193 {Low
656 1110 886 1190 symplecti.
974 1158 978 1166 .

256 1247 318 1311 Sed
348 1267 445 1327 quum
476 1249 597 1309 omnino
628 1249 724 1309 rarior
751 1266 829 1308 usus
859 1257 907 1309 est
935 1248 1057 1310 numeri
1085 1248 1250 1331 paeonici,
1284 1258 1348 1313 tum

254 1352 385 1432 strophi,
406 1350 493 1429 dasii,
514 1352 675 1432 symplecti
692 1352 717 1411 si
733 1351 857 1430 quando
872 1352 1090 1431 inveniuntur,
1116 1370 1181 1414 non
1198 1362 1349 1435 certesei

254 1456 380 1518 stabiles
404 1456 516 1516 iormas
547 1455 673 1517 habent.
714 1457 872 1517 Praeterea
906 1465 940 1517 ut
962 1457 995 1516 in
1017 1455 1181 1535 dactylicis
1205 1458 1348 1521 nmris

253 1567 343 1638 sunt,
363 1559 416 1639 qui
432 1559 595 1620 iambicam
610 1560 777 1620 anacrusin
791 1558 943 1638 habeant,
970 1561 1012 1620 ita
1027 1560 1119 1621 etiam
1134 1562 1285 1641 paeonici
1298 1561 1348 1623 alii

252 1682 324 1724 oum
340 1662 489 1740 iambica,
512 1663 563 1722 alii
579 1680 650 1723 cum
665 1662 861 1742 anapaestico
876 1664 1020 1723 anacrusi
1036 1662 1107 1724 facti
1122 1672 1214 1725 sunt.
1250 1664 1346 1727 Cata-

253 1768 329 1828 lexis
346 1767 380 1827 fit
401 1767 433 1826 in
456 1765 669 1844 trisyllabum,
695 1767 726 1826 in
750 1763 956 1846 disyllabum,
983 1768 1014 1826 in
1037 1765 1207 1845 syllabam.
1243 1764 1346 1848 Atque

253 1871 309 1932 hoc
324 1888 448 1951 quoqne
463 1871 494 1929 in
510 1888 621 1950 genere
637 1887 784 1932 versuum
796 1869 907 1950 singuli
922 1867 1018 1950 pedes
1034 1879 1131 1931 metra
1147 1889 1166 1931 a
1180 1888 1346 1950 gramma-

252 1975 318 2036 ticis
334 1983 494 2036 vocantur.

336 2178 453 2261 §lau
480 2181 718 2243 Vsitatissimum
733 2199 830 2260 genus
845 2180 936 2261 primi
957 2200 1091 2262 paeones
1114 2191 1210 2263 sunt,
1243 2184 1344 2247 minus

250 2285 293 2346 illi
316 2286 436 2364 tragicis
458 2303 552 2365 quam
574 2286 695 2346 comicis
719 2285 870 2365 usurpati,
896 2282 980 2365 apud
1002 2304 1080 2365 quos
1102 2294 1346 2350 tetrameter

250 2389 383 2449 maxime
404 2390 673 2449 catalecticus
696 2390 731 2449 in
754 2385 1012 2467 trisyllabum
1035 2390 1208 2469 invenitur,
1237 2394 1344 2473 quiex

251 2490 375 2554 duobus
387 2491 546 2554 ordinibus
558 2501 686 2571 constat,
706 2510 865 2553 caesuram
877 2490 995 2553 habens
1010 2492 1042 2553 in
1058 2492 1118 2553 fine
1135 2495 1276 2559 secundi
1286 2514 1344 2579 pe-

249 2593 308 2674 dis,
325 2615 404 2675 quae
417 2605 519 2657 tamen
532 2595 688 2656 interdum
700 2595 872 2675 negligitur.
901 2595 1032 2656 Vltimus
1050 2614 1105 2675 pes
1116 2594 1272 2680 dactylus
1286 2608 1340 2675 est,

188 2686 195 2699 ’
248 2699 304 2762 sed
319 2709 445 2780 propter
460 2701 623 2781 ancipitem
640 2718 732 2779 saepe
749 2697 896 2759 Creticus.

334 2823 361 2897 ὦ
384 2829 467 2898 πόλι
490 2829 572 2924 φίλη
595 2831 773 2920 Κέκροπος
795 2826 963 2923 αὐτοφυὲς
983 2826 1129 2923 Ἀττική,

332 2940 437 3025 χαῖρε,
462 2933 606 3024 λιπαρὸν
628 2933 787 3019 δάπεδον,
815 2926 925 3024 οὖθαρ
949 2930 1082 3026 ἀγαθῆς
1101 2938 1249 3019 χθονός.
1285 3030 1292 3044 Ι

247 3077 322 3143 Vide
338 3077 492 3159 Aristoph.
512 3080 603 3157 Vesp.
625 3078 718 3140 ⁴275.
738 3097 825 3159 seqq.

332 3281 449 3365 §tlt
475 3285 565 3359 Quod
579 3247 763 3367 Hephaestio
785 3285 877 3364 dicit,
896 3284 1132 3367 Aristophanem
1155 3288 1189 3348 iu
1217 3288 1344 3371 Georgii

247 3390 339 3451 etiam
356 3399 465 3469 quarto
479 3408 596 3469 paeone
611 3407 668 3469 pro
682 3390 781 3470 primo
797 3407 891 3450 usum
906 3407 992 3451 esse:

332 3522 366 3589 ἐν
388 3518 495 3612 ἀγορᾷ
517 3517 547 3588 d'
572 3512 614 3588 αὖ
637 3520 809 3588 πλάτανον
831 3517 867 3589 εὖ
892 3520 1171 3613 decorissimam

245 3667 276 3727 in
293 3665 437 3728 secundis
451 3664 774 3744 Thesmophoriazusis
789 3674 893 3728 autem
909 3683 1001 3745 saepe
1017 3665 1109 3727 etiam
1123 3666 1249 3745 pedem
1264 3672 1343 3735 Gre-

246 3771 340 3831 ticum
356 3770 466 3833 mediis
481 3767 625 3832 versibus
647 3768 832 3850 inseruisse,
857 3777 1038 3849 argumento
1053 3777 1115 3849 est,
1139 3788 1261 3836 versus
1275 3774 1343 3837 illos

244 3892 306 3934 non
329 3875 492 3954 paeonicos
519 3873 632 3953 luisse,
663 3872 719 3934 sed
740 3874 884 3936 Creticos.
926 3873 1141 3953 Quamquam,
1175 3884 1216 3937 ut
1247 3896 1342 3961 snpra

245 3976 361 4038 dictum
378 3975 406 4059 ξ.
428 3979 499 4040 lea.
525 3997 564 4038 ne
586 3978 646 4058 ipsi
669 3976 795 4057 quidem
813 3986 933 4038 veteres
949 3976 1056 4039 Graeci
1076 3996 1118 4037 ex
1142 3981 1232 4043 omni
1255 3992 1342 4065 pcrtc

246 4080 424 4143 distinxisse
438 4099 605 4142 numerum
619 4081 773 4144 Creticum
789 4090 821 4142 ct
834 4081 1016 4161 paeonicum
1032 4079 1193 4145 videntur.
