2804 4912
203 276 264 336 ate
590 293 645 335 trs.
666 295 710 336 ιιι.
745 296 809 337 cnr.
828 296 896 337 nvn.

201 447 285 528 apud
308 446 544 527 Aristophanem
570 449 601 507 in
625 447 741 508 Eccles
763 453 834 509 938.
857 466 944 528 seqq.
981 450 1064 511 Eius
1091 448 1161 511 duo
1187 451 1300 529 priores

205 571 314 613 versus
329 561 403 613 sunt
417 551 573 611 Phalaecei
589 550 858 631 hendecasyllabi:

308 672 319 701 V
343 668 483 755 Q,
509 685 602 716 mv
603 686 629 715 υ

202 796 230 853 in
249 793 315 853 basi
332 811 393 853 non
409 790 553 869 admisse,
580 799 615 852 ut
631 756 763 870 videtur,
789 793 975 872 pyrrhichio.
1010 796 1144 857 Tertius
1161 796 1222 858 hoc
1237 815 1302 856 ure-

202 908 283 958 trurn
299 896 410 957 hahet:

287 1014 507 1062 wLussw.

201 1142 337 1211 Quartus
353 1137 425 1197 hec:

288 1256 478 1303 :omme
484 1272 579 1303 ψυ-

291 1373 441 1439 Πλούτοο
463 1369 587 1463 μητέρ’,
610 1369 795 1457 Ὀλυμπίαν
816 1368 938 1442 ἀείδω.

287 1474 477 1566 Δήμητραν,
501 1473 770 1566 στεφανηφόροις
792 1475 826 1541 ἒν
848 1474 970 1563 ὥραις·

374 1578 412 1646 σε’
432 1604 479 1662 τε,
503 1584 570 1645 νταῖ
591 1576 686 1660 Διός,
709 1576 923 1670 Περσεφόνη·

329 1679 493 1770 χαίρετον,
518 1674 554 1749 εὖ
579 1681 616 1750 δὲ
638 1677 725 1772 τήνδ’
749 1678 944 1774 ἀμφέπετον
965 1681 1081 1752 πόλιν.

611 2161 724 2230 GAP.
743 2161 873 2231 XVII.

297 2315 352 2382 lle
380 2312 577 2406 strophis
605 2313 730 2382 tertii
757 2321 800 2383 et
825 2315 972 2406 quarti
999 2320 1206 2406 generis

287 2479 401 2561 §593
436 2485 1299 2566 Tertiurnetquartunrgenusstropharunr

201 2606 253 2645 ears
269 2587 412 2666 eontinet,
439 2586 553 2665 quibus
574 2586 697 2647 liberior
713 2587 772 2647 ianr
789 2596 883 2666 atque
898 2586 991 2648 altius
1006 2606 1184 2669 assurgens
1199 2595 1300 2674 poesis

202 2689 295 2769 lyrica
319 2699 351 2751 et
374 2690 559 2770 longioribus
581 2699 612 2750 et
628 2690 739 2750 rnaiore
755 2708 955 2751 numerorum
973 2691 1001 2751 vi
1021 2710 1057 2751 ac
1073 2693 1233 2757 varietate
1248 2696 1299 2757 di-

202 2795 320 2854 stinetis
348 2812 401 2854 usa
429 2802 485 2854 est.
526 2791 570 2855 Ac
597 2794 761 2854 tertium
790 2812 903 2872 genuS,
933 2803 1121 2875 usurpatum
1150 2798 1234 2862 illud
1261 2821 1297 2861 ex

201 2906 286 2975 parte
302 2896 426 2976 saltem,
451 2907 486 2958 ut
503 2897 639 2974 videtur,
663 2897 694 2956 in
711 2897 900 2958 carminibus
923 2902 1294 2982 nronostrophieis,

202 3019 306 3061 eorum
324 3008 484 3078 poetarum
499 3009 555 3079 est,
576 3001 630 3079 qui
647 2999 764 3076 inediae
779 3002 887 3061 aetatis
902 3001 989 3080 lyrici
1005 3000 1141 3081 luerunt,
1165 3002 1297 3067 Alcma-

201 3105 258 3183 nis,
275 3104 449 3182 Stesichori,
465 3104 558 3182 lhpci.
585 3105 700 3164 Horum
716 3104 858 3185 strophae
874 3105 934 3164 ianr
947 3103 1090 3165 versibus
1105 3108 1297 3170 constabant

200 3207 354 3286 plurihuS,
381 3226 475 3286 quarn
491 3207 645 3285 SapphuS,
665 3204 777 3286 Alcaei,
796 3205 1007 3285 Anacreontis,
1034 3209 1201 3289 Corinnae,
1229 3232 1296 3274 nu-

202 3329 363 3389 rnerosque
379 3308 534 3370 habehant
552 3328 692 3388 magnam
715 3319 834 3389 partem
856 3309 1038 3390 dactylicos,
1065 3330 1186 3391 eosque
1203 3316 1295 3377 valde

200 3412 320 3493 longos,
348 3431 480 3493 quorum
503 3414 644 3494 exempla
666 3412 738 3473 vide
760 3410 777 3494 §
795 3416 867 3475 361.
887 3431 974 3493 seqq.
994 3423 1025 3475 et
1045 3415 1187 3496 integrae
1208 3427 1296 3481 stro-

201 3516 279 3594 phac
295 3515 312 3598 §
330 3519 401 3578 305.

288 3736 403 3818 §594
438 3737 563 3800 Aliud
547 3740 756 3820 exemplum
758 3742 856 3820 roph
857 3762 884 3801 re
900 3741 940 3800 rh
955 3739 1103 3802 hlrrnane
1121 3758 1296 3826 usurpatae

202 3840 319 3900 hoct
273 3849 319 3900 est
322 3852 442 3917 ,toturn
455 3864 494 3903 ex
511 3845 647 3905 numeris
660 3842 747 3922 dact)
746 3845 820 3906 licis
832 3836 980 3924 cornposit
981 3865 1033 3906 uin
1037 3845 1171 3924 ,lragrn
1189 3868 1223 3928 p.
1240 3855 1291 3913 ³8

201 3939 514 4024 ‹xAtherrreoXp
537 3949 662 4009 4166.

287 4055 344 4124 καί
366 4058 456 4124 τιοκά
479 4085 533 4128 τοι
556 4061 654 4130 δώσω
677 4059 839 4151 τρίντοδος
861 4088 969 4146 κυτος,

330 4153 358 4249 ᾧ
381 4157 408 4228 κ’
433 4157 480 4228 ἔνι
501 4164 576 4231 λεια
599 4216 606 4232 .
631 4219 639 4233 .
663 4217 670 4232 .
695 4217 702 4231 .
725 4161 869 4256 ἀγείρῃς.
