2804 4912
392 1120 586 1218 INDEX
608 1118 902 1220 CAPITVM.

510 1556 777 1634 LIBERL

97 1749 166 1815 Cap.
557 1762 616 1813 pag.

118 1823 141 1868 4.
166 1818 331 1867 Denumcro
360 1854 546 1866 .....
606 1821 615 1866 4

114 1886 203 1937 sene
216 1887 278 1946 arsi,
295 1886 372 1946 thesi,
388 1889 413 1936 et
427 1886 550 1936 anacrusi
604 1892 618 1936 4

116 1955 356 2005 tt.Deordinibus
406 1994 410 2004 .
452 1995 456 2004 .
497 1992 501 2003 .
542 1994 546 2003 .
605 1959 617 2003 7

116 2028 140 2074 4.
164 2024 342 2075 Demensora
359 2062 546 2074 .....
587 2028 618 2073 44

116 2097 140 2142 4.
165 2093 205 2144 De
229 2094 426 2157 permutatione
454 2105 551 2143 nume·

217 2174 309 2213 rorum
360 2200 545 2213 .....
587 2164 617 2213 44

673 1748 735 1812 Cap.
1127 1762 1184 1812 pnes

689 1821 712 1866 4.
735 1817 772 1867 De
783 1816 905 1867 versibus
918 1819 946 1867 et
955 1818 1116 1880 systematis.
1156 1820 1186 1865 tt

690 1889 714 1934 7.
735 1886 772 1936 Do
805 1885 910 1935 numeri
936 1886 1031 1935 musici
1056 1900 1116 1935 cum

786 1955 898 2004 metrico
917 1955 1115 2004 coniunctione.
1156 1956 1186 2003 44

689 2030 714 2074 4.
736 2025 772 2074 De
784 2037 895 2074 coemam
928 2061 1115 2073 .....
1156 2027 1185 2071 47

688 2098 712 2143 o.
734 2094 771 2144 De
785 2092 886 2158 syllaba
901 2092 1010 2157 ancipiti
1066 2132 1070 2141 .
1111 2132 1115 2140 .
1156 2096 1186 2141 44

672 2165 702 2214 44
733 2163 771 2215 De
782 2161 907 2231 prosodia
927 2198 1115 2211 .....
1154 2166 1186 2210 44

499 2594 784 2671 LIBERIL

460 2769 504 2829 De
519 2768 620 2830 metros
635 2768 829 2849 simplicibus.

94 2942 163 3007 Cap.
251 2948 261 2967 ⁰
554 2952 613 3004 pag.

115 3013 139 3059 4.
162 3008 201 3058 De
232 3006 375 3071 generibus
399 3008 548 3059 metrorum

214 3075 407 3140 simplicium.
448 3114 454 3126 .
494 3112 499 3124 .
539 3112 545 3125 .
584 3080 615 3125 44

112 3151 138 3196 4.
162 3143 461 3195 Dearsinudaetbssi
494 3183 500 3195 .
540 3182 546 3196 .
584 3149 615 3194 44

113 3219 138 3265 a.
162 3214 200 3265 De
220 3214 339 3264 numeris
358 3213 464 3278 pariam
478 3215 548 3264 tem-

212 3295 309 3347 porum
356 3318 545 3333 .....
584 3285 615 3331 44

113 3355 138 3401 t.
160 3351 199 3402 De
210 3363 323 3401 numero
336 3350 471 3403 trochaico
492 3389 498 3401 .
537 3389 543 3401 .
583 3355 615 3401 44
632 3364 635 3369 ’

113 3424 138 3471 4.
161 3419 337 3470 Deversibus
350 3419 495 3469 trochaicis
538 3457 544 3469 .
583 3423 614 3469 47

112 3492 137 3539 4.
160 3487 350 3540 Detroohaicis
360 3489 544 3548 monomenta,

212 3556 351 3616 dimetris,
367 3560 394 3608 et
406 3557 543 3607 trimetris.
583 3560 614 3606 47

113 3629 138 3675 7.
160 3625 200 3677 De
219 3625 363 3677 trochaicis
383 3626 546 3677 tetrametris

212 3693 375 3745 catalecticis
401 3731 406 3743 .
445 3731 451 3745 .
492 3733 499 3746 .
537 3731 544 3745 .
582 3698 614 3744 44

112 3768 137 3814 4.
160 3762 198 3813 De
223 3762 359 3813 trochaico
389 3764 546 3814 tetrametro

212 3830 309 3882 claudo
355 3868 543 3882 .....
581 3833 613 3881 44

111 3904 137 3951 4.
158 3899 199 3951 Do
218 3899 363 3951 trochaicis
382 3900 545 3952 tetrametris

213 3968 366 4019 acatalectis
400 4008 405 4020 .
445 4007 451 4019 .
491 4007 497 4019 .
536 4006 543 4019 .
582 3971 612 4019 44

93 4042 142 4089 44;
160 4036 200 4089 De
222 4036 358 4088 trochaico
380 4040 545 4103 pentametro
583 4041 610 4089 44

92 4110 135 4158 44.
159 4105 503 4172 Deversuithyphattico.
538 4145 544 4157 .
581 4110 613 4157 44

90 4180 136 4229 44.
157 4174 325 4227 Denommo
338 4176 453 4228 iambico
496 4214 502 4226 .
537 4213 543 4224 .
582 4177 613 4225 44

669 2940 732 3003 cap.
1123 2952 1183 3005 pag.

670 3010 710 3058 44.
733 3007 769 3057 Do
778 3006 900 3057 iambicis
908 3009 1116 3059 monometriset

783 3075 905 3127 dimetria
925 3113 1113 3127 .....
1154 3080 1184 3126 ts

670 3147 710 3195 tt.
731 3145 769 3195 De
778 3145 901 3195 iambicis
913 3145 1042 3196 trimetris
1055 3159 1118 3196 irca-

784 3213 887 3264 tatectis
925 3252 1114 3265 .....
1154 3217 1184 3265 to

670 3286 711 3333 44.
732 3283 769 3333 Do
778 3283 899 3333 trimetro
908 3283 1128 3335 iambicoctaudo
1154 3286 1182 3331 5t

670 3355 710 3401 44.
732 3352 769 3402 De
783 3351 898 3403 iambico
908 3355 1062 3403 tetrametro
1072 3366 1118 3403 ca-

784 3421 906 3471 intectico
925 3457 1113 3471 .....
1154 3425 1185 3470 44

670 3492 710 3538 47.
732 3489 769 3540 De
800 3488 923 3539 iambicis
954 3491 1117 3540 tetrametris

783 3557 935 3608 acatalectis
969 3595 974 3607 .
1015 3595 1021 3608 .
1062 3597 1067 3608 .
1107 3595 1113 3607 .
1152 3562 1184 3607 54

670 3630 709 3675 48.
732 3627 768 3677 De
788 3627 986 3676 continuatione
1011 3628 1117 3677 numeri

772 3694 1122 3759 trochaiciapudliomanos
1153 3700 1184 3746 64

670 3766 709 3814 44.
731 3764 769 3814 De
783 3762 909 3814 versibus
921 3764 1068 3815 Creticis.
1108 3802 1113 3814 .
1153 3767 1184 3814 64

667 3835 709 3882 44.
730 3832 768 3883 De
782 3833 1081 3898 nameroantispastico
1107 3869 1113 3881 .
1153 3837 1182 3882 74

667 3903 709 3950 44.
730 3901 768 3952 Do
781 3900 905 3951 versibus
917 3900 1082 3953 dochmiacis
1108 3940 1113 3950 .
1153 3903 1184 3949 77

667 3973 709 4019 44.
731 3969 767 4020 De
780 3969 903 4020 versibus
915 3969 1069 4021 Bacchiacis
1106 4006 1112 4018 .
1151 3974 1183 4018 44

667 4040 708 4087 44.
730 4038 768 4088 Do
782 4051 894 4088 numero
908 4038 1066 4103 dactylico.
1106 4075 1111 4086 .
1151 4040 1183 4086 44

667 4107 709 4159 44.
732 4107 769 4158 De
782 4106 907 4157 versibus
920 4105 1061 4170 dactylicis
1107 4143 1112 4155 .
1151 4109 1183 4154 44

667 4177 709 4230 44.
730 4175 768 4233 De
781 4188 862 4231 versu
874 4174 983 4229 heroico
1016 4211 1022 4226 .
1062 4210 1068 4225 .
1106 4176 1182 4232 ι444
