2804 4912
174 289 234 351 100
572 306 628 349 cm.
649 308 681 349 u.
708 306 771 349 cir.
789 305 865 350 xxiv.

168 478 254 538 eam,
279 460 412 540 quaein
433 459 552 521 heroico
574 462 686 522 usitata
709 469 773 540 est,
798 467 854 522 aut
876 457 903 519 si
925 456 1038 537 hahet,
1058 454 1157 519 habet
1173 474 1246 519 αιτιι

170 564 276 645 Eurip.
296 562 405 644 Suppl.
425 563 498 625 ill.

251 684 351 764 βᾶθι,
372 673 513 762 τάλαιν’,
537 674 635 767 ἱερῶν
655 676 811 746 δαπέδων
832 672 903 744 ἆπὸ
926 670 1194 768 Περσεφονείας,

251 788 351 868 βᾶθι,
374 780 433 849 καὶ
456 776 614 851 ἀντίασον
634 779 790 870 γονάτων,
811 777 870 849 ἔπι
888 784 984 869 χεῖρα
1004 779 1174 863 βαλοῦσα,

251 884 371 954 τόκνων
391 883 586 953 τεθνεώτων
607 882 747 968 κομίσαι
768 883 889 969 δέμας,
912 875 939 950 ὦ
960 880 1066 969 μελέα
1095 876 1169 973 ³705,

252 981 310 1067 olle
328 984 398 1055 ὑπὸ
420 986 543 1073 τείχεσι
567 985 791 1073 Καδμείοισιν
813 982 975 1055 ἀπώλεσα
995 983 1153 1077 κούρους.

251 1231 367 1315 §30⁰-
394 1237 624 1297 hexametro
639 1235 862 1297 acatalecto
877 1234 1018 1315 tragici
1035 1232 1245 1313 insysemaris

165 1347 429 1419 tetrametrorum,
455 1337 611 1400 interdum
634 1339 726 1400 etiarn
749 1340 878 1401 seorsim
900 1338 949 1399 usi
968 1346 1054 1399 sunt.
1090 1338 1187 1419 Soph.
1204 1336 1242 1398 al.

165 1444 238 1505 l3l.
260 1444 330 1503 l50.

249 1552 332 1637 ἀλλ’,
355 1548 382 1622 ὦ
404 1554 567 1632 παντοίας
588 1554 769 1648 φιλότητος
790 1553 1012 1643 ἀμειβόμεναι
1034 1554 1145 1651 χάριν.
1254 1446 1259 1701 1

250 1657 291 1726 ia)
311 1653 513 1745 παντλάμων
535 1658 662 1747 Νιόβα,
685 1659 723 1728 οδ
745 1655 776 1727 δ’
798 1657 897 1748 ἔγωγε
918 1659 1004 1745 νόμω
1026 1658 1126 1729 θεόν.

163 1787 238 1849 viae
255 1787 360 1867 llurip.
381 1786 490 1867 snppl.
510 1784 583 1848 arr.
604 1788 676 1847 ars.

247 2026 272 2110 ᾗ
286 2024 363 2093 301.
391 2027 594 2089 Vehementer
608 2024 749 2090 delectati
764 2037 839 2088 sunt
853 2045 982 2090 numero
997 2025 1155 2108 dactylico
1168 2026 1238 2111 lyr'a'
1256 2078 1259 2107 ,

164 2130 422 2207 medicaminis,
441 2129 588 2209 Alcman,
608 2131 812 2209 Stesichorus,
833 2130 953 2210 Ibycus,
974 2132 1014 2191 ita
1031 2141 1149 2195 utnon
1163 2128 1236 2195 πανὺ
1256 2112 1259 2203 l

161 2235 336 2295 breviorum
350 2233 516 2293 loricarum
528 2234 707 2314 permultas,
719 2232 775 2296 sed
788 2235 878 2295 etiam
893 2235 1053 2316 longiores,
1065 2250 1234 2319 quaqu
1256 2242 1259 2273 ⁵

160 2338 268 2398 ceteris
285 2337 315 2396 in
331 2353 390 2397 usu
407 2334 547 2412 luerunt,
568 2336 840 2417 frequentaverint.
875 2334 976 2418 Atque
997 2338 1232 2420 heptamolrt

160 2439 418 2501 catalecticus
435 2441 474 2499 in
489 2439 701 2521 syllabam,
721 2460 814 2521 quem
831 2441 1099 2505 hexametrum
1115 2443 1226 2525 hypsi·

159 2543 404 2605 catalectum
421 2542 710 2605 ethlcmanium
729 2555 816 2605 vocat
831 2546 957 2607 Servius
973 2546 1131 2626 parat,
1157 2548 1229 2611 inv&

157 2648 242 2708 nitur
257 2648 288 2707 in
304 2645 467 2707 Stesichori
484 2645 590 2727 lragm.
609 2667 659 2727 ap.
679 2646 790 2709 Athen.
811 2648 860 2709 Xl.
881 2668 913 2729 p.
928 2651 997 2710 499.
1018 2650 1051 2709 B.

243 2766 320 2830 πῖεν
341 2758 576 2847 ἐπισχόμενος,
599 2760 640 2829 τό
661 2761 703 2852 ῥά
725 2758 759 2830 ολ
774 2761 949 2853 παρέθηκε
967 2759 1080 2843 Φόλος
1094 2762 1229 2858 περάσει

242 3005 353 3090 §302
374 3010 908 3087 lleptametercatalccticus
924 3008 1230 3089 indisyllabum,

156 3133 249 3195 quem
275 3112 557 3175 Stesichorium
582 3113 708 3173 Servius
732 3121 833 3191 vocat,
864 3114 988 3193 saepius
1011 3114 1042 3173 in
1066 3112 1232 3195 lragmenfi

158 3216 278 3279 illorum
302 3216 466 3296 lyricorum
486 3213 744 3295 deprehenditur,
771 3227 805 3277 ut
821 3216 984 3277 Stesichori
1000 3234 1049 3296 ap.
1069 3216 1176 3281 Strab.
1193 3216 1231 3281 ill
1255 3290 1259 3377 Ι

155 3322 273 3401 pnes.
300 3322 332 3380 a.
359 3320 454 3401 (aar.)
1257 3396 1259 3403 Ι

243 3440 441 3523 Ταρτησσοῦ
465 3440 624 3518 ποταμοῦ
651 3434 745 3524 παρὰ
768 3440 878 3525 πῆγας
899 3429 1081 3522 δπεόρονας
1103 3433 1234 3531 &syroe

811 3534 931 3625 clloce-

157 3664 231 3727 Vide
253 3664 392 3725 hleman.
419 3662 456 3724 ir.
484 3662 535 3724 37.
564 3666 614 3724 ill.
642 3665 692 3725 78.
734 3663 787 3725 llic
810 3664 1000 3744 heptameter
1020 3666 1088 3727 sire
1120 3668 1152 3729 in
1175 3668 1236 3749 syl-

157 3768 257 3829 labam
281 3769 347 3830 sive
369 3768 399 3827 in
422 3765 611 3847 disyllabum
635 3766 827 3829 catalecticus
849 3786 889 3827 ex
911 3786 972 3829 uno
995 3777 1119 3832 tantum
1138 3770 1236 3835 ordine

143 3871 278 3935 ridetur
292 3879 449 3949 constare,
475 3880 506 3931 et
527 3869 655 3953 preinde
678 3871 769 3931 etiam
793 3888 897 3931 cerem
925 3890 1064 3935 caesura.
1106 3873 1185 3938 Nam
1203 3892 1236 3937 cx

154 3976 298 4058 pluribus
311 3973 470 4037 ordinibus
487 3974 619 4037 (luorum
637 3974 769 4036 triumve
783 3973 899 4053 pedum
915 3975 941 4035 si
956 3992 1137 4059 componas,
1156 3998 1238 4043 sem·

153 4099 210 4161 per
224 4080 363 4158 ineptum
376 4096 539 4140 numerum
551 4077 721 4158 prarebehit.
747 4077 916 4141 subiicitur
926 4088 1041 4157 autem,
1057 4088 1094 4142 ut
1107 4081 1235 4159 videtur,

152 4202 250 4263 quum
273 4183 339 4243 aliis
369 4181 547 4261 dactylicis,
580 4189 645 4242 turn
670 4182 723 4257 iic,
750 4182 803 4261 qui
829 4200 885 4261 per
906 4180 1048 4261 dipodios
1077 4184 1234 4249 incedunt.
