2804 4912
404 305 440 346 ns
456 303 675 347 rnnmtrlolth
692 303 876 346 minoris.
1144 283 1195 355 1³,

99 456 158 534 qni
179 458 336 535 anapaesti
363 466 518 520 uocantur.
552 457 585 516 ln
607 455 721 534 quihus
740 474 802 516 non
818 456 917 516 solum
933 456 963 515 hi
979 463 1041 521 tres
1056 473 1186 534 permu-

99 567 210 620 tantur
225 561 356 639 numeri,

191 661 265 707 Lw

191 872 292 915 ow

98 971 160 1032 sed
176 972 397 1040 acceditetiam
413 974 586 1034 coniunctio
601 970 728 1034 secundi
743 982 774 1033 et
789 973 878 1049 tertii,

191 1078 264 1120 ov-

97 1196 185 1258 quae
207 1179 264 1259 legi
285 1197 484 1240 numerorum
504 1189 712 1260 repugnatura
733 1188 830 1257 esset,
856 1180 915 1240 nisi
937 1179 1028 1241 simul
1049 1177 1110 1240 duo
1132 1178 1186 1240 di-

98 1283 187 1342 versi
208 1284 328 1343 numeri
344 1285 591 1363 perciperentur,
618 1301 748 1362 quornm
764 1282 925 1361 utriusque
941 1280 1095 1343 dimidiata
1111 1292 1186 1344 tan-

98 1396 171 1446 tum
188 1404 259 1465 pars
274 1388 366 1464 sonis,
386 1385 524 1466 syllabis,
544 1386 679 1448 motibus
695 1386 886 1464 exprimitur,
909 1384 1065 1447 dimidiata
1083 1396 1185 1447 autem

98 1490 196 1550 tacita
209 1489 420 1550 observatione
435 1499 567 1569 notatur,
587 1487 846 1568 quemadmodum
863 1491 893 1548 in
909 1488 1053 1550 hodierna
1071 1491 1185 1550 musica

98 1601 221 1670 tactus,
241 1610 333 1671 quem
350 1601 474 1671 vocant,
500 1593 592 1654 simul
615 1593 783 1673 percipitur
803 1610 874 1652 cum
890 1593 1025 1652 numeris
1041 1611 1185 1654 sonorum

99 1697 303 1775 musicorum,
324 1696 394 1755 licet
408 1693 636 1759 diversissimis.
669 1696 730 1755 Hoc
744 1693 834 1756 modo
849 1694 930 1756 dico:

191 1818 262 1858 καπ
326 1797 350 1843 έ
413 1818 476 1860 κατ
541 1798 564 1843 -’
629 1818 686 1859 και
750 1797 774 1842 -’
838 1799 888 1860 θα
957 1795 980 1841 -’

202 1915 252 1947 oo
295 1918 378 1963 πεσε
420 1915 471 1946 oo
504 1903 590 1964 θανε
626 1915 677 1947 W
712 1920 797 1962 κατα
833 1914 884 1945 W
914 1906 1033 1984 ψομεν.

875 2001 886 2036 b

191 2104 284 2188 538.
318 2110 434 2181 Quarto
448 2109 860 2190 pertranspositionem
878 2109 1065 2187 temporis.
1097 2107 1186 2179 Quod

108 2210 145 2271 fit
164 2211 195 2270 in
218 2210 375 2288 dactylicis
396 2214 450 2290 iis,
481 2213 535 2292 qui
558 2211 726 2273 choriambi
746 2220 777 2273 et
798 2212 887 2272 lonici
909 2221 1075 2290 vocantur,
1099 2220 1185 2291 parte

104 2313 226 2374 theseos
248 2315 296 2375 vel
320 2333 504 2376 anacruseos
530 2317 642 2393 recisa,
673 2323 795 2376 etanta
822 2316 904 2374 arsin
927 2332 1110 2375 anacruseos
1136 2314 1186 2375 vel

100 2417 227 2478 theseos
242 2418 306 2478 loco
322 2418 476 2497 collocata,
495 2419 551 2480 hac
565 2417 678 2480 iorma:

192 2520 266 2566 Lw
331 2520 406 2566 ,ξω
495 2521 621 2607 Llw„

191 2622 265 2669 va
330 2623 435 2708 vlLv
491 2623 620 2709 v-'lvss

98 2727 193 2790 Vnde
208 2728 394 2808 ancipitibus
410 2730 518 2789 notatis
535 2729 591 2790 hae
607 2728 721 2788 lormae
736 2726 903 2809 prodeunt:

192 2831 287 2876 ΔΝ·
597 2829 764 2892 choriambi

190 2933 287 2980 va-

191 3037 215 3082 L
228 3037 231 3122 p
245 3037 319 3084 :w
595 3038 684 3097 lonici
700 3055 717 3096 a
733 3039 837 3099 m'aiori

192 3135 318 3226 ,ζῆ-υ

192 3246 266 3291 wL
280 3244 284 3329 Ι
298 3243 321 3290 L
335 3243 339 3330 Ι
351 3242 428 3290 υυέ
440 3242 444 3328 l
456 3241 479 3288 L
601 3243 690 3304 lonici
706 3262 723 3304 a
739 3244 847 3304 minori

192 3347 265 3394 oo:
280 3346 283 3432 p
297 3342 345 3392 GL
359 3346 363 3430 1
376 3345 424 3392 o:
438 3345 441 3429 p
455 3346 478 3391 Δ

192 3552 285 3636 539.
318 3557 431 3628 Quinto
453 3573 517 3635 per
537 3556 875 3633 transpositionem
891 3556 1012 3636 partis
1027 3557 1180 3616 numeri.

101 3658 195 3731 Quod
212 3658 246 3719 fit
261 3660 292 3719 in
308 3656 450 3719 versibus
465 3657 637 3740 Glyconeis,
657 3676 787 3737 quorum
804 3658 951 3723 usitatiori
967 3657 1091 3737 formae,

204 3762 223 3812 ,ζ
268 3762 287 3813 J,
312 3760 425 3845 μυν-
439 3760 443 3844 l
456 3759 504 3806 υέ

103 3864 214 3926 ultimo
236 3863 341 3926 ordine
366 3874 435 3925 ante
458 3861 690 3944 praecedentem
713 3863 871 3943 collocato,
901 3874 932 3925 et
954 3867 984 3924 in
1007 3854 1184 3925 trochaeum

104 3977 233 4046 mutato,
253 3968 329 4029 haec
343 3966 440 4028 lorma
456 3965 669 4028 substituitur:

205 4069 224 4122 J,
269 4071 287 4123 J,
312 4070 379 4152 Ιέυ
392 4071 396 4153 p
410 4069 506 4116 Lw-

493 4240 798 4250 ---.---ι--
