2804 4912
459 309 495 349 na
511 305 633 355 artium
648 306 787 349 anciram.
1131 289 1170 351 tu

80 469 199 540 autem,
219 461 363 539 quoniam
379 478 435 539 per
450 478 615 521 numerum
631 459 715 523 nulla
732 476 877 523 mensura
892 458 1035 537 ambigua
1051 468 1109 538 est,
1128 459 1169 521 ad

79 562 178 626 verba
202 563 281 625 bauo
302 572 397 625 totam
420 562 588 625 doctrinam
610 564 780 643 pertinere,
807 581 937 642 quorum
962 581 1045 624 nunc
1066 563 1167 642 aliqua

82 668 175 746 longa
191 667 311 747 syllaba
327 685 382 747 pro
398 665 495 744 brevi,
515 684 599 727 nuno
613 664 717 728 brovis
733 667 892 747 pro-longa
909 675 1099 728 numeretur.

169 852 263 937 §lili
297 855 332 917 ld
352 874 413 916 non
434 864 536 937 potest
551 856 610 916 uisi
625 857 657 915 in
672 856 710 919 iis
725 874 924 918 numerorum
941 856 1013 916 locis
1030 856 1109 934 fieri,
1136 857 1166 916 in

79 960 199 1041 quibus
221 960 356 1040 pravitas
377 977 540 1020 mensurae
563 959 650 1020 lacile
666 959 825 1021 delitescit.
859 957 1018 1023 Eiusmodi
1035 959 1090 1020 loci
1107 959 1168 1021 duo

79 1073 167 1142 sunt,
193 1061 887 1142 anacrusisexunabrevisyllaba,
913 1064 1166 1143 quamquoniam

80 1166 156 1228 nihil
180 1164 354 1247 praecedit,
378 1164 419 1227 ad
442 1164 526 1247 quod
548 1167 717 1244 coiuparari
739 1168 850 1245 possit,
877 1186 984 1228 norma
1008 1166 1168 1228 deficiente

80 1289 144 1331 non
161 1269 346 1333 offendimur
362 1270 451 1349 longa
466 1268 585 1350 syllaba
601 1287 656 1349 pro
671 1268 759 1333 brevi
774 1270 890 1351 posita:
910 1268 1023 1331 deindo
1038 1269 1166 1331 ultima

79 1371 269 1435 ordinum
290 1371 467 1451 syllaba,
494 1373 560 1434 sive
575 1392 610 1432 oa
625 1373 704 1434 arsis
718 1373 783 1433 sive
799 1372 894 1433 thesis
909 1374 963 1451 sit,
987 1392 1080 1452 quam
1096 1375 1167 1453 quia

78 1477 157 1539 nibil
173 1476 330 1555 sequitur,
356 1474 440 1554 quod
455 1476 522 1536 eius
538 1474 771 1537 diuturnitatem
788 1474 927 1553 definiat,
954 1495 1014 1537 non
1032 1475 1168 1539 offendi-

79 1598 162 1660 mur,
182 1580 208 1640 si
224 1598 279 1660 pro
293 1578 381 1640 brevi
397 1579 496 1657 longa,
519 1589 574 1639 aut
587 1598 643 1658 pro
659 1578 746 1658 longa
763 1578 866 1639 brovis
881 1579 978 1655 posita
995 1588 1051 1655 est,
1070 1597 1168 1657 quum

78 1684 206 1745 omnino
229 1683 259 1742 in
283 1683 342 1743 fure
363 1700 492 1761 pausam
509 1683 574 1743 fieri
595 1700 720 1743 necesse
742 1682 791 1743 sit.
825 1679 886 1741 Sed
908 1681 939 1741 in
955 1682 1062 1741 ultima
1079 1680 1167 1742 ordi-

79 1806 157 1857 num
172 1785 294 1867 syllaba
310 1785 416 1865 plures
431 1785 554 1865 regulae
569 1784 722 1847 notandae
738 1792 820 1846 sunt.

167 1971 260 2056 567.
298 1972 342 2034 Ac
367 1975 466 2052 primo
493 1983 634 2054 apertum
660 1983 721 2053 est,
752 1973 895 2034 ordinum
922 1974 1013 2033 finem
1041 1974 1166 2054 intelligi

80 2098 165 2157 eum,
184 2097 245 2158 quo
260 2079 326 2157 ipsa
342 2078 436 2139 totius
451 2079 571 2138 numeri
588 2079 777 2159 perpetuitas
794 2078 908 2139 linitur.
942 2077 1043 2147 Quare
1059 2078 1089 2138 in
1105 2097 1166 2159 pe-

84 2179 204 2243 riodicis
220 2180 383 2242 ordinibus
398 2200 459 2241 non
475 2182 613 2243 cuiusvis
629 2179 755 2259 ordinis,
771 2198 887 2267 exque
903 2178 977 2239 ordo
992 2179 1166 2259 periodieus

86 2287 270 2364 compositus
292 2294 355 2363 est,
382 2283 438 2345 scd
460 2284 559 2344 ultimi
575 2293 695 2345 tautum
712 2284 818 2345 ultima
835 2282 953 2360 syllaba
976 2302 1090 2363 anceps
1105 2293 1161 2345 est.

80 2388 158 2448 Hinc
172 2388 203 2447 in
220 2388 380 2448 trochaicis
395 2387 548 2466 versibus,
574 2388 628 2466 qui
643 2405 699 2467 per
713 2384 854 2467 dipodias
870 2385 1027 2466 incedunt,
1049 2405 1166 2448 secun-

78 2490 142 2551 dus
157 2491 335 2568 trochaeuS,
360 2492 391 2551 in
408 2489 604 2570 ithyphallioo
621 2508 713 2551 versu
728 2498 848 2568 autem,
873 2490 926 2568 qui
942 2498 990 2550 est
1004 2509 1043 2549 ex
1059 2489 1166 2551 ordine

76 2593 234 2681 periodico
246 2604 308 2655 tres
324 2594 481 2655 trochaeos
497 2594 727 2675 complectente,
743 2594 851 2654 tertius
866 2601 986 2654 tantum
1003 2594 1165 2673 ancipitem

76 2696 224 2759 admittit.

165 2865 260 2950 968.
294 2868 410 2930 Deinde
433 2869 523 2931 simul
547 2870 573 2931 is
596 2886 745 2930 numerus
768 2867 955 2948 spectandus
973 2876 1034 2947 est,
1061 2869 1162 2946 quiin

76 2973 184 3035 verbis
205 2975 279 3053 ipsis
302 2982 366 3033 est:
392 2972 476 3033 uude
497 2973 574 3033 aliae
596 2971 734 3050 syllabae
756 2973 903 3052 ancipites
919 2979 1038 3030 tantum
1054 2973 1084 3030 in
1101 2972 1163 3032 fine

78 3095 204 3157 versus,
229 3076 306 3137 aliae
321 3077 412 3137 etiam
429 3077 461 3136 in
477 3075 576 3136 medio
592 3093 702 3154 versu,
726 3083 756 3136 et
771 3074 828 3134 hae
844 3072 968 3153 quidem
984 3075 1083 3134 autin
1099 3075 1163 3136 solo

80 3180 139 3240 fine
154 3179 308 3258 vocabuli,
328 3180 487 3241 autetiam
503 3179 534 3239 in
551 3178 651 3239 medio
669 3176 816 3238 vocabulo
831 3177 931 3238 locum
947 3178 1117 3240 inveniunt.

165 3365 258 3449 569.
292 3368 337 3429 Ac
352 3370 444 3430 totius
459 3386 570 3429 versus
585 3367 704 3446 syllaba
720 3367 835 3446 finalis,
860 3385 940 3447 quae
955 3366 1045 3427 simul
1063 3367 1162 3428 finalis

75 3472 222 3534 vocabuli
237 3482 300 3553 est,
326 3471 501 3533 omnimodo
516 3490 629 3552 anceps
645 3480 706 3550 est,
731 3480 861 3550 utroque
877 3489 1019 3548 numero,
1045 3480 1076 3531 et
1091 3490 1162 3530 uie-

74 3578 164 3654 trico,
184 3585 215 3636 et
229 3596 275 3656 eo,
295 3577 394 3656 quiin
409 3574 514 3636 verbis
530 3584 586 3655 est,
605 3576 636 3634 in
653 3593 688 3634 ea
704 3573 873 3635 desinente.

164 3764 189 3845 ἦ
211 3761 266 3828 70.
299 3767 333 3825 ln
358 3764 458 3826 medio
478 3782 572 3828 versu
594 3762 757 3842 medioque
779 3764 810 3823 iu
833 3760 983 3823 vocabulo
1003 3765 1163 3825 anacrusis

72 3870 128 3933 vel
156 3870 263 3930 ultima
287 3869 382 3930 thesis
409 3887 606 3929 numerorum
629 3867 850 3927 trochaicorum
877 3874 908 3926 et
934 3865 1039 3925 ultima
1067 3866 1161 3926 thesis

73 3973 290 4035 ruembrorum
305 3992 344 4033 ex
359 3973 488 4052 epitritis
503 3972 617 4033 Doricis
633 3970 838 4032 constantium
855 3988 968 4048 anceps
984 3977 1046 4029 est:

151 4067 364 4149 ·Διοςδόιοις
378 4067 577 4159 σκήπτροισι
591 4066 872 4158 τιμαλφούμενον,
961 4138 964 4146 ,

165 4172 210 4264 μή
225 4199 292 4257 μιν,
310 4166 337 4238 ol
351 4176 499 4257 Μοῖσαι,
518 4171 698 4263 φυγόξενον
714 4168 864 4260 στρατόν.

914 4291 952 4342 2*
