<?xml version="1.0" encoding="UTF-8"?>
<!DOCTYPE html PUBLIC "-//W3C//DTD XHTML 1.0 Transitional//EN"
    "http://www.w3.org/TR/xhtml1/DTD/xhtml1-transitional.dtd">
<html xmlns="http://www.w3.org/1999/xhtml" xml:lang="en" lang="en">
 <head>
  <title>
</title>
<meta http-equiv="Content-Type" content="text/html;charset=utf-8" />
  <meta name='ocr-system' content='tesseract 3.04.00' />
  <meta name='ocr-capabilities' content='ocr_page ocr_carea ocr_par ocr_line ocrx_word'/>
</head>
<body>
  <div class='ocr_page' id='page_1' title='image "./godofrediherman00hermgoog/godofrediherman00hermgoog_0048.png"; bbox 0 0 2804 4912; ppageno 0'>
   <div class='ocr_carea' id='block_1_1' title="bbox 597 299 1235 361">
    <p class='ocr_par' dir='ltr' id='par_1_1' title="bbox 597 299 1235 361">
     <span class='ocr_line' id='line_1_1' title="bbox 597 299 1235 361; baseline -0.006 0"><span class='ocrx_word' id='word_1_1' title='bbox 597 318 791 361; x_wconf 75' lang='lat' dir='ltr'><strong>nemnem.</strong></span> <span class='ocrx_word' id='word_1_2' title='bbox 1164 345 1171 358; x_wconf 95' lang='lat'><strong>.</strong></span> <span class='ocrx_word' id='word_1_3' title='bbox 1202 299 1235 358; x_wconf 86' lang='grc'><strong>11</strong></span> 
     </span>
    </p>
   </div>
   <div class='ocr_carea' id='block_1_2' title="bbox 152 473 1240 2724">
    <p class='ocr_par' dir='ltr' id='par_1_2' title="bbox 246 473 901 551">
     <span class='ocr_line' id='line_1_2' title="bbox 246 473 901 551; baseline 0.023 -34"><span class='ocrx_word' id='word_1_4' title='bbox 246 488 315 518; x_wconf 75' lang='grc' dir='ltr'><strong>,υ-</strong></span> <span class='ocrx_word' id='word_1_5' title='bbox 330 473 524 551; x_wconf 80' lang='lat' dir='ltr'><strong>Creticus,</strong></span> <span class='ocrx_word' id='word_1_6' title='bbox 543 473 608 532; x_wconf 90' lang='lat' dir='ltr'><strong>sive</strong></span> <span class='ocrx_word' id='word_1_7' title='bbox 624 473 901 550; x_wconf 82' lang='lat' dir='ltr'><strong>amphimacer,</strong></span> 
     </span>
    </p>

    <p class='ocr_par' dir='ltr' id='par_1_3' title="bbox 246 575 1240 758">
     <span class='ocr_line' id='line_1_3' title="bbox 246 575 1240 655; baseline 0.008 -23"><span class='ocrx_word' id='word_1_8' title='bbox 246 576 542 654; x_wconf 65' lang='lat' dir='ltr'><strong>v--BacchiuS,</strong></span> <span class='ocrx_word' id='word_1_9' title='bbox 601 576 668 636; x_wconf 90' lang='lat' dir='ltr'><strong>aliis</strong></span> <span class='ocrx_word' id='word_1_10' title='bbox 717 575 1053 655; x_wconf 76' lang='lat' dir='ltr'>palimbacchius,</span> <span class='ocrx_word' id='word_1_11' title='bbox 1108 576 1240 655; x_wconf 92' lang='lat' dir='ltr'><strong>hypo-</strong></span> 
     </span>
     <span class='ocr_line' id='line_1_4' title="bbox 469 677 676 758; baseline 0.01 -19"><span class='ocrx_word' id='word_1_12' title='bbox 469 677 676 758; x_wconf 91' lang='lat' dir='ltr'><strong>bacchius,</strong></span> 
     </span>
    </p>

    <p class='ocr_par' dir='ltr' id='par_1_4' title="bbox 246 781 964 860">
     <span class='ocr_line' id='line_1_5' title="bbox 246 781 964 860; baseline 0.008 -23"><span class='ocrx_word' id='word_1_13' title='bbox 246 796 315 827; x_wconf 71' lang='grc' dir='ltr'><strong>--υ</strong></span> <span class='ocrx_word' id='word_1_14' title='bbox 330 781 658 860; x_wconf 83' lang='lat' dir='ltr'><strong>palimbacchius,</strong></span> <span class='ocrx_word' id='word_1_15' title='bbox 677 782 745 844; x_wconf 88' lang='lat' dir='ltr'><strong>aliis</strong></span> <span class='ocrx_word' id='word_1_16' title='bbox 761 783 964 858; x_wconf 86' lang='lat' dir='ltr'><strong>Bacchius;</strong></span> 
     </span>
    </p>

    <p class='ocr_par' dir='ltr' id='par_1_5' title="bbox 152 884 547 967">
     <span class='ocr_line' id='line_1_6' title="bbox 152 884 547 967; baseline 0.003 -24"><span class='ocrx_word' id='word_1_17' title='bbox 152 884 384 967; x_wconf 83' lang='lat' dir='ltr'><strong>quadrisyllabi</strong></span> <span class='ocrx_word' id='word_1_18' title='bbox 398 884 547 946; x_wconf 80' lang='lat' dir='ltr'><strong>sedecim:</strong></span> 
     </span>
    </p>

    <p class='ocr_par' dir='ltr' id='par_1_6' title="bbox 246 988 762 1068">
     <span class='ocr_line' id='line_1_7' title="bbox 246 988 762 1068; baseline 0.014 -26"><span class='ocrx_word' id='word_1_19' title='bbox 246 988 762 1068; x_wconf 65' lang='lat' dir='ltr'><strong>wwproooleusmatious,</strong></span> 
     </span>
    </p>

    <p class='ocr_par' dir='ltr' id='par_1_7' title="bbox 249 1090 627 1171">
     <span class='ocr_line' id='line_1_8' title="bbox 364 1090 627 1171; baseline 0.05 -29.22"><span class='ocrx_word' id='word_1_20' title='bbox 364 1090 627 1171; x_wconf 84' lang='lat' dir='ltr'>dispondeus,</span> 
     </span>
    </p>

    <p class='ocr_par' dir='ltr' id='par_1_8' title="bbox 248 1193 584 1273">
     <span class='ocr_line' id='line_1_9' title="bbox 248 1193 584 1273; baseline 0.057 -35"><span class='ocrx_word' id='word_1_21' title='bbox 248 1208 342 1240; x_wconf 50' lang='lat' dir='ltr'><strong>om)-</strong></span> <span class='ocrx_word' id='word_1_22' title='bbox 365 1193 584 1273; x_wconf 87' lang='lat' dir='ltr'><strong>diiambus,</strong></span> 
     </span>
    </p>

    <p class='ocr_par' dir='ltr' id='par_1_9' title="bbox 249 1297 624 1378">
     <span class='ocr_line' id='line_1_10' title="bbox 249 1297 624 1378; baseline 0.024 -25"><span class='ocrx_word' id='word_1_23' title='bbox 249 1312 343 1344; x_wconf 70' lang='grc' dir='ltr'><strong>-υ-υ</strong></span> <span class='ocrx_word' id='word_1_24' title='bbox 364 1297 624 1378; x_wconf 75' lang='lat' dir='ltr'><strong>ditrochaeus,</strong></span> 
     </span>
    </p>

    <p class='ocr_par' dir='ltr' id='par_1_10' title="bbox 248 1402 624 1481">
     <span class='ocr_line' id='line_1_11' title="bbox 248 1402 624 1481; baseline 0.045 -35"><span class='ocrx_word' id='word_1_25' title='bbox 248 1414 343 1447; x_wconf 69' lang='grc' dir='ltr'>υ.-υ</span> <span class='ocrx_word' id='word_1_26' title='bbox 364 1402 624 1481; x_wconf 73' lang='lat' dir='ltr'><strong>antispastus,</strong></span> 
     </span>
    </p>

    <p class='ocr_par' dir='ltr' id='par_1_11' title="bbox 248 1505 631 1583">
     <span class='ocr_line' id='line_1_12' title="bbox 248 1505 631 1583; baseline 0.026 -25"><span class='ocrx_word' id='word_1_27' title='bbox 248 1517 342 1551; x_wconf 66' lang='lat' dir='ltr'><strong>-w-</strong></span> <span class='ocrx_word' id='word_1_28' title='bbox 364 1505 631 1583; x_wconf 80' lang='lat' dir='ltr'><strong>choriambus,</strong></span> 
     </span>
    </p>

    <p class='ocr_par' dir='ltr' id='par_1_12' title="bbox 248 1609 731 1685">
     <span class='ocr_line' id='line_1_13' title="bbox 248 1609 731 1685; baseline 0.012 -22"><span class='ocrx_word' id='word_1_29' title='bbox 248 1622 342 1655; x_wconf 63' lang='lat' dir='ltr'><strong>w--</strong></span> <span class='ocrx_word' id='word_1_30' title='bbox 365 1609 556 1670; x_wconf 86' lang='lat' dir='ltr'><strong>lonicusa</strong></span> <span class='ocrx_word' id='word_1_31' title='bbox 574 1609 731 1685; x_wconf 89' lang='lat' dir='ltr'><strong>minori,</strong></span> 
     </span>
    </p>

    <p class='ocr_par' dir='ltr' id='par_1_13' title="bbox 249 1712 726 1790">
     <span class='ocr_line' id='line_1_14' title="bbox 249 1712 726 1790; baseline 0.01 -23"><span class='ocrx_word' id='word_1_32' title='bbox 249 1727 344 1757; x_wconf 69' lang='lat' dir='ltr'><strong>--w</strong></span> <span class='ocrx_word' id='word_1_33' title='bbox 366 1712 521 1774; x_wconf 90' lang='lat' dir='ltr'><strong>lonicus</strong></span> <span class='ocrx_word' id='word_1_34' title='bbox 537 1730 554 1772; x_wconf 88' lang='lat' dir='ltr'><strong>a</strong></span> <span class='ocrx_word' id='word_1_35' title='bbox 570 1713 726 1790; x_wconf 91' lang='lat' dir='ltr'><strong>maiori,</strong></span> 
     </span>
    </p>

    <p class='ocr_par' dir='ltr' id='par_1_14' title="bbox 250 1815 675 1895">
     <span class='ocr_line' id='line_1_15' title="bbox 250 1815 675 1895; baseline 0.042 -35"><span class='ocrx_word' id='word_1_36' title='bbox 250 1829 348 1861; x_wconf 62' lang='lat' dir='ltr'><strong>,ew</strong></span> <span class='ocrx_word' id='word_1_37' title='bbox 367 1833 494 1894; x_wconf 84' lang='lat' dir='ltr'><strong>paeon</strong></span> <span class='ocrx_word' id='word_1_38' title='bbox 509 1815 675 1895; x_wconf 78' lang='lat' dir='ltr'><strong>primae,</strong></span> 
     </span>
    </p>

    <p class='ocr_par' dir='ltr' id='par_1_15' title="bbox 249 1917 719 1998">
     <span class='ocr_line' id='line_1_16' title="bbox 249 1917 719 1998; baseline 0.015 -24"><span class='ocrx_word' id='word_1_39' title='bbox 249 1932 346 1965; x_wconf 56' lang='lat' dir='ltr'><strong>om</strong></span> <span class='ocrx_word' id='word_1_40' title='bbox 365 1937 488 1998; x_wconf 89' lang='lat' dir='ltr'><strong>paeon</strong></span> <span class='ocrx_word' id='word_1_41' title='bbox 502 1917 719 1998; x_wconf 87' lang='lat' dir='ltr'><strong>sccundus,</strong></span> 
     </span>
    </p>

    <p class='ocr_par' dir='ltr' id='par_1_16' title="bbox 249 2023 669 2102">
     <span class='ocr_line' id='line_1_17' title="bbox 249 2023 669 2102; baseline 0.019 -26"><span class='ocrx_word' id='word_1_42' title='bbox 249 2037 347 2069; x_wconf 69' lang='grc' dir='ltr'><strong>υυ-υ</strong></span> <span class='ocrx_word' id='word_1_43' title='bbox 365 2040 488 2101; x_wconf 90' lang='lat' dir='ltr'><strong>paeon</strong></span> <span class='ocrx_word' id='word_1_44' title='bbox 504 2023 669 2102; x_wconf 89' lang='lat' dir='ltr'><strong>tertius,</strong></span> 
     </span>
    </p>

    <p class='ocr_par' dir='ltr' id='par_1_17' title="bbox 249 2135 692 2206">
     <span class='ocr_line' id='line_1_18' title="bbox 249 2135 692 2206; baseline 0.018 -26"><span class='ocrx_word' id='word_1_45' title='bbox 249 2140 347 2172; x_wconf 64' lang='grc' dir='ltr'><strong>ωυ-</strong></span> <span class='ocrx_word' id='word_1_46' title='bbox 368 2143 491 2206; x_wconf 88' lang='lat' dir='ltr'><strong>paeon</strong></span> <span class='ocrx_word' id='word_1_47' title='bbox 507 2135 692 2205; x_wconf 90' lang='lat' dir='ltr'><strong>quartus,</strong></span> 
     </span>
    </p>

    <p class='ocr_par' dir='ltr' id='par_1_18' title="bbox 248 2229 731 2308">
     <span class='ocr_line' id='line_1_19' title="bbox 248 2229 731 2308; baseline 0.033 -33"><span class='ocrx_word' id='word_1_48' title='bbox 248 2245 342 2276; x_wconf 66' lang='lat' dir='ltr'><strong>e---</strong></span> <span class='ocrx_word' id='word_1_49' title='bbox 365 2229 731 2308; x_wconf 87' lang='lat' dir='ltr'><strong>epitritusprimus,</strong></span> 
     </span>
    </p>

    <p class='ocr_par' dir='ltr' id='par_1_19' title="bbox 251 2332 783 2412">
     <span class='ocr_line' id='line_1_20' title="bbox 251 2332 783 2412; baseline 0.03 -34"><span class='ocrx_word' id='word_1_50' title='bbox 251 2348 343 2379; x_wconf 66' lang='lat' dir='ltr'><strong>-c.-</strong></span> <span class='ocrx_word' id='word_1_51' title='bbox 365 2332 552 2412; x_wconf 79' lang='lat' dir='ltr'><strong>epitritus</strong></span> <span class='ocrx_word' id='word_1_52' title='bbox 567 2332 783 2411; x_wconf 86' lang='lat' dir='ltr'><strong>secundus,</strong></span> 
     </span>
    </p>

    <p class='ocr_par' dir='ltr' id='par_1_20' title="bbox 250 2435 737 2514">
     <span class='ocr_line' id='line_1_21' title="bbox 250 2435 737 2514; baseline 0.016 -23"><span class='ocrx_word' id='word_1_53' title='bbox 250 2450 340 2482; x_wconf 73' lang='grc' dir='ltr'><strong>--υ-</strong></span> <span class='ocrx_word' id='word_1_54' title='bbox 362 2435 557 2514; x_wconf 88' lang='lat' dir='ltr'><strong>epitritus</strong></span> <span class='ocrx_word' id='word_1_55' title='bbox 573 2438 737 2513; x_wconf 90' lang='lat' dir='ltr'><strong>tertius,</strong></span> 
     </span>
    </p>

    <p class='ocr_par' dir='ltr' id='par_1_21' title="bbox 252 2540 745 2619">
     <span class='ocr_line' id='line_1_22' title="bbox 252 2540 745 2619; baseline 0.008 -25"><span class='ocrx_word' id='word_1_56' title='bbox 252 2554 340 2584; x_wconf 65' lang='lat' dir='ltr'><strong>---v</strong></span> <span class='ocrx_word' id='word_1_57' title='bbox 363 2540 745 2619; x_wconf 88' lang='lat' dir='ltr'><strong>epitritusqnartus.</strong></span> 
     </span>
    </p>

    <p class='ocr_par' dir='ltr' id='par_1_22' title="bbox 160 2641 914 2724">
     <span class='ocr_line' id='line_1_23' title="bbox 160 2641 914 2724; baseline -0.004 -18"><span class='ocrx_word' id='word_1_58' title='bbox 160 2643 241 2707; x_wconf 83' lang='lat' dir='ltr'><strong>Vide</strong></span> <span class='ocrx_word' id='word_1_59' title='bbox 257 2642 357 2704; x_wconf 90' lang='lat' dir='ltr'><strong>dehis</strong></span> <span class='ocrx_word' id='word_1_60' title='bbox 374 2641 580 2704; x_wconf 87' lang='lat' dir='ltr'><strong>Gaislordium</strong></span> <span class='ocrx_word' id='word_1_61' title='bbox 595 2642 636 2704; x_wconf 94' lang='lat' dir='ltr'><strong>ad</strong></span> <span class='ocrx_word' id='word_1_62' title='bbox 652 2643 914 2724; x_wconf 84' lang='lat' dir='ltr'><strong>Hephaestionem.</strong></span> 
     </span>
    </p>
   </div>
   <div class='ocr_carea' id='block_1_3' title="bbox 161 2821 1247 3137">
    <p class='ocr_par' dir='ltr' id='par_1_23' title="bbox 161 2821 1247 3137">
     <span class='ocr_line' id='line_1_24' title="bbox 196 2821 1244 2939; baseline -0.008 -24"><span class='ocrx_word' id='word_1_63' title='bbox 196 2821 207 2840; x_wconf 40' lang='grc'><strong><em>’</em></strong></span> <span class='ocrx_word' id='word_1_64' title='bbox 250 2846 342 2931; x_wconf 63' lang='lat'><strong>532.</strong></span> <span class='ocrx_word' id='word_1_65' title='bbox 376 2848 850 2939; x_wconf 86' lang='lat' dir='ltr'><strong>Dipodiametsyzygiam</strong></span> <span class='ocrx_word' id='word_1_66' title='bbox 873 2850 988 2910; x_wconf 87' lang='lat' dir='ltr'><strong>metrici</strong></span> <span class='ocrx_word' id='word_1_67' title='bbox 1004 2846 1244 2928; x_wconf 91' lang='lat' dir='ltr'><strong>vocantpedum</strong></span> 
     </span>
     <span class='ocr_line' id='line_1_25' title="bbox 161 2949 1245 3033; baseline -0.006 -15"><span class='ocrx_word' id='word_1_68' title='bbox 161 2957 297 3018; x_wconf 90' lang='lat' dir='ltr'><strong>duorum</strong></span> <span class='ocrx_word' id='word_1_69' title='bbox 314 2953 568 3014; x_wconf 89' lang='lat' dir='ltr'><strong>coniunctionem.</strong></span> <span class='ocrx_word' id='word_1_70' title='bbox 602 2953 813 3033; x_wconf 83' lang='lat' dir='ltr'><strong>Syzygiam</strong></span> <span class='ocrx_word' id='word_1_71' title='bbox 829 2950 978 3013; x_wconf 83' lang='lat' dir='ltr'><strong>Aristides</strong></span> <span class='ocrx_word' id='word_1_72' title='bbox 993 2970 1023 3030; x_wconf 91' lang='lat' dir='ltr'><strong>p.</strong></span> <span class='ocrx_word' id='word_1_73' title='bbox 1045 2954 1084 3013; x_wconf 80' lang='grc'><strong>36</strong></span> <span class='ocrx_word' id='word_1_74' title='bbox 1107 2969 1144 3011; x_wconf 84' lang='lat' dir='ltr'><strong>ex</strong></span> <span class='ocrx_word' id='word_1_75' title='bbox 1162 2949 1245 3012; x_wconf 91' lang='lat' dir='ltr'><strong>duo—</strong></span> 
     </span>
     <span class='ocr_line' id='line_1_26' title="bbox 162 3052 1247 3137; baseline -0.006 -16"><span class='ocrx_word' id='word_1_76' title='bbox 162 3060 223 3121; x_wconf 91' lang='lat' dir='ltr'><strong>bus</strong></span> <span class='ocrx_word' id='word_1_77' title='bbox 240 3056 442 3137; x_wconf 88' lang='lat' dir='ltr'><strong>simplicibus,</strong></span> <span class='ocrx_word' id='word_1_78' title='bbox 462 3057 481 3116; x_wconf 95' lang='lat' dir='ltr'><strong>i.</strong></span> <span class='ocrx_word' id='word_1_79' title='bbox 501 3076 528 3116; x_wconf 90' lang='lat' dir='ltr'><strong>c.</strong></span> <span class='ocrx_word' id='word_1_80' title='bbox 549 3055 710 3135; x_wconf 88' lang='lat' dir='ltr'><strong>disyllabis</strong></span> <span class='ocrx_word' id='word_1_81' title='bbox 725 3055 774 3116; x_wconf 89' lang='lat' dir='ltr'><strong>vel</strong></span> <span class='ocrx_word' id='word_1_82' title='bbox 790 3054 956 3134; x_wconf 82' lang='lat' dir='ltr'><strong>trisyllabis</strong></span> <span class='ocrx_word' id='word_1_83' title='bbox 971 3054 1115 3135; x_wconf 89' lang='lat' dir='ltr'><strong>pedibus,</strong></span> <span class='ocrx_word' id='word_1_84' title='bbox 1140 3052 1195 3115; x_wconf 88' lang='lat' dir='ltr'><strong>sed</strong></span> <span class='ocrx_word' id='word_1_85' title='bbox 1210 3054 1247 3114; x_wconf 89' lang='lat' dir='ltr'><strong>iis</strong></span> 
     </span>
    </p>
   </div>
   <div class='ocr_carea' id='block_1_4' title="bbox 161 3157 1249 4170">
    <p class='ocr_par' dir='ltr' id='par_1_24' title="bbox 161 3157 1249 4170">
     <span class='ocr_line' id='line_1_27' title="bbox 163 3157 1247 3241; baseline -0.001 -19"><span class='ocrx_word' id='word_1_86' title='bbox 163 3161 334 3241; x_wconf 89' lang='lat' dir='ltr'><strong>imparibus</strong></span> <span class='ocrx_word' id='word_1_87' title='bbox 361 3160 426 3220; x_wconf 90' lang='lat' dir='ltr'><strong>lieri</strong></span> <span class='ocrx_word' id='word_1_88' title='bbox 452 3158 534 3221; x_wconf 90' lang='lat' dir='ltr'><strong>dicit.</strong></span> <span class='ocrx_word' id='word_1_89' title='bbox 552 3188 555 3193; x_wconf 92' lang='lat'><em>·</em></span> <span class='ocrx_word' id='word_1_90' title='bbox 572 3160 648 3220; x_wconf 90' lang='lat' dir='ltr'><strong>Eam</strong></span> <span class='ocrx_word' id='word_1_91' title='bbox 672 3157 867 3238; x_wconf 90' lang='lat' dir='ltr'><strong>dipodiam</strong></span> <span class='ocrx_word' id='word_1_92' title='bbox 892 3168 980 3220; x_wconf 90' lang='lat' dir='ltr'><strong>vocat</strong></span> <span class='ocrx_word' id='word_1_93' title='bbox 1001 3157 1111 3220; x_wconf 82' lang='lat' dir='ltr'><strong>Atilius</strong></span> <span class='ocrx_word' id='word_1_94' title='bbox 1134 3159 1247 3220; x_wconf 86' lang='lat' dir='ltr'><strong>Fortu-</strong></span> 
     </span>
     <span class='ocr_line' id='line_1_28' title="bbox 162 3260 1249 3345; baseline -0.002 -19"><span class='ocrx_word' id='word_1_95' title='bbox 162 3267 308 3327; x_wconf 89' lang='lat' dir='ltr'><strong>natianus</strong></span> <span class='ocrx_word' id='word_1_96' title='bbox 329 3284 359 3345; x_wconf 95' lang='lat' dir='ltr'><strong>p.</strong></span> <span class='ocrx_word' id='word_1_97' title='bbox 381 3264 479 3340; x_wconf 68' lang='lat'><strong>2688,</strong></span> <span class='ocrx_word' id='word_1_98' title='bbox 509 3263 713 3342; x_wconf 76' lang='lat' dir='ltr'><strong>syzygiam</strong></span> <span class='ocrx_word' id='word_1_99' title='bbox 740 3281 779 3324; x_wconf 84' lang='lat' dir='ltr'><strong>ex</strong></span> <span class='ocrx_word' id='word_1_100' title='bbox 804 3261 927 3325; x_wconf 91' lang='lat' dir='ltr'><strong>duobus</strong></span> <span class='ocrx_word' id='word_1_101' title='bbox 954 3262 1162 3342; x_wconf 76' lang='lat' dir='ltr'><strong>simplicibuS,</strong></span> <span class='ocrx_word' id='word_1_102' title='bbox 1193 3260 1249 3324; x_wconf 90' lang='lat' dir='ltr'><strong>sed</strong></span> 
     </span>
     <span class='ocr_line' id='line_1_29' title="bbox 162 3365 1248 3448; baseline -0.001 -20"><span class='ocrx_word' id='word_1_103' title='bbox 162 3367 292 3448; x_wconf 92' lang='lat' dir='ltr'><strong>paribus</strong></span> <span class='ocrx_word' id='word_1_104' title='bbox 321 3365 451 3445; x_wconf 89' lang='lat' dir='ltr'><strong>pedihus</strong></span> <span class='ocrx_word' id='word_1_105' title='bbox 478 3365 543 3426; x_wconf 90' lang='lat' dir='ltr'><strong>lieri</strong></span> <span class='ocrx_word' id='word_1_106' title='bbox 570 3365 684 3427; x_wconf 90' lang='lat' dir='ltr'><strong>dicens.</strong></span> <span class='ocrx_word' id='word_1_107' title='bbox 725 3367 908 3446; x_wconf 84' lang='lat' dir='ltr'><strong>Plerumque</strong></span> <span class='ocrx_word' id='word_1_108' title='bbox 934 3365 1140 3445; x_wconf 88' lang='lat' dir='ltr'><strong>dipodiam</strong></span> <span class='ocrx_word' id='word_1_109' title='bbox 1170 3365 1248 3428; x_wconf 93' lang='lat' dir='ltr'><strong>duos</strong></span> 
     </span>
     <span class='ocr_line' id='line_1_30' title="bbox 162 3467 1249 3550; baseline -0.001 -18"><span class='ocrx_word' id='word_1_110' title='bbox 162 3469 349 3550; x_wconf 88' lang='lat' dir='ltr'><strong>disyllabos,</strong></span> <span class='ocrx_word' id='word_1_111' title='bbox 379 3471 583 3549; x_wconf 83' lang='lat' dir='ltr'><strong>syzygiam</strong></span> <span class='ocrx_word' id='word_1_112' title='bbox 609 3467 686 3530; x_wconf 92' lang='lat' dir='ltr'><strong>duos</strong></span> <span class='ocrx_word' id='word_1_113' title='bbox 709 3469 903 3549; x_wconf 89' lang='lat' dir='ltr'><strong>trisyllabos,</strong></span> <span class='ocrx_word' id='word_1_114' title='bbox 935 3470 982 3531; x_wconf 89' lang='lat' dir='ltr'><strong>vel</strong></span> <span class='ocrx_word' id='word_1_115' title='bbox 1008 3468 1195 3549; x_wconf 90' lang='lat' dir='ltr'><strong>disyllabum</strong></span> <span class='ocrx_word' id='word_1_116' title='bbox 1217 3479 1249 3531; x_wconf 90' lang='lat' dir='ltr'><strong>et</strong></span> 
     </span>
     <span class='ocr_line' id='line_1_31' title="bbox 161 3570 1246 3654; baseline -0.003 -19"><span class='ocrx_word' id='word_1_117' title='bbox 161 3572 359 3652; x_wconf 88' lang='lat' dir='ltr'><strong>trisyllabum</strong></span> <span class='ocrx_word' id='word_1_118' title='bbox 386 3575 562 3634; x_wconf 89' lang='lat' dir='ltr'><strong>coniunctos</strong></span> <span class='ocrx_word' id='word_1_119' title='bbox 585 3570 700 3634; x_wconf 91' lang='lat' dir='ltr'><strong>dicunt.</strong></span> <span class='ocrx_word' id='word_1_120' title='bbox 738 3574 837 3653; x_wconf 87' lang='lat' dir='ltr'><strong>Saepe</strong></span> <span class='ocrx_word' id='word_1_121' title='bbox 857 3574 948 3634; x_wconf 89' lang='lat' dir='ltr'><strong>etiam</strong></span> <span class='ocrx_word' id='word_1_122' title='bbox 970 3572 1103 3634; x_wconf 91' lang='lat' dir='ltr'><strong>duorum</strong></span> <span class='ocrx_word' id='word_1_123' title='bbox 1130 3572 1246 3654; x_wconf 90' lang='lat' dir='ltr'><strong>pedum</strong></span> 
     </span>
     <span class='ocr_line' id='line_1_32' title="bbox 162 3675 1241 3756; baseline 0.002 -20"><span class='ocrx_word' id='word_1_124' title='bbox 162 3677 407 3737; x_wconf 88' lang='lat' dir='ltr'><strong>coniunctionem</strong></span> <span class='ocrx_word' id='word_1_125' title='bbox 431 3675 546 3737; x_wconf 90' lang='lat' dir='ltr'><strong>basin</strong></span> <span class='ocrx_word' id='word_1_126' title='bbox 566 3684 690 3736; x_wconf 91' lang='lat' dir='ltr'><strong>vocant:</strong></span> <span class='ocrx_word' id='word_1_127' title='bbox 720 3693 749 3736; x_wconf 88' lang='lat' dir='ltr'><strong>v.</strong></span> <span class='ocrx_word' id='word_1_128' title='bbox 769 3675 905 3739; x_wconf 88' lang='lat' dir='ltr'><strong>Diomed.</strong></span> <span class='ocrx_word' id='word_1_129' title='bbox 924 3694 955 3756; x_wconf 91' lang='lat' dir='ltr'><strong>p.</strong></span> <span class='ocrx_word' id='word_1_130' title='bbox 976 3677 1048 3737; x_wconf 80' lang='lat' dir='ltr'><strong>tot.</strong></span> <span class='ocrx_word' id='word_1_131' title='bbox 1074 3678 1145 3737; x_wconf 87' lang='lat' dir='ltr'><strong>llar.</strong></span> <span class='ocrx_word' id='word_1_132' title='bbox 1166 3677 1241 3738; x_wconf 90' lang='lat' dir='ltr'><strong>Vict.</strong></span> 
     </span>
     <span class='ocr_line' id='line_1_33' title="bbox 163 3777 1243 3860; baseline 0.002 -21"><span class='ocrx_word' id='word_1_133' title='bbox 163 3799 194 3860; x_wconf 90' lang='lat' dir='ltr'><strong>p.</strong></span> <span class='ocrx_word' id='word_1_134' title='bbox 215 3780 309 3839; x_wconf 70' lang='lat' dir='ltr'><strong>alst.</strong></span> <span class='ocrx_word' id='word_1_135' title='bbox 340 3780 415 3840; x_wconf 87' lang='lat' dir='ltr'><strong>ltem</strong></span> <span class='ocrx_word' id='word_1_136' title='bbox 436 3788 611 3856; x_wconf 87' lang='lat' dir='ltr'><strong>metrum;</strong></span> <span class='ocrx_word' id='word_1_137' title='bbox 637 3777 721 3839; x_wconf 91' lang='lat' dir='ltr'><strong>unde</strong></span> <span class='ocrx_word' id='word_1_138' title='bbox 737 3778 873 3859; x_wconf 87' lang='lat' dir='ltr'><strong>dimetri,</strong></span> <span class='ocrx_word' id='word_1_139' title='bbox 898 3779 1040 3857; x_wconf 91' lang='lat' dir='ltr'><strong>trimetri,</strong></span> <span class='ocrx_word' id='word_1_140' title='bbox 1066 3781 1243 3859; x_wconf 87' lang='lat' dir='ltr'><strong>tetrametri,</strong></span> 
     </span>
     <span class='ocr_line' id='line_1_34' title="bbox 163 3876 1243 3962; baseline -0.001 -19"><span class='ocrx_word' id='word_1_141' title='bbox 163 3884 358 3962; x_wconf 89' lang='lat' dir='ltr'><strong>pentametri,</strong></span> <span class='ocrx_word' id='word_1_142' title='bbox 378 3883 547 3944; x_wconf 84' lang='lat' dir='ltr'><strong>hexametri</strong></span> <span class='ocrx_word' id='word_1_143' title='bbox 563 3876 683 3961; x_wconf 66' lang='lat' dir='ltr'><strong>versus,</strong></span> <span class='ocrx_word' id='word_1_144' title='bbox 702 3883 756 3962; x_wconf 91' lang='lat' dir='ltr'><strong>qui</strong></span> <span class='ocrx_word' id='word_1_145' title='bbox 772 3891 926 3962; x_wconf 90' lang='lat' dir='ltr'><strong>quattuor,</strong></span> <span class='ocrx_word' id='word_1_146' title='bbox 946 3901 1011 3962; x_wconf 85' lang='lat' dir='ltr'><strong>sex,</strong></span> <span class='ocrx_word' id='word_1_147' title='bbox 1032 3892 1106 3962; x_wconf 91' lang='lat' dir='ltr'><strong>octo,</strong></span> <span class='ocrx_word' id='word_1_148' title='bbox 1127 3882 1243 3961; x_wconf 87' lang='lat' dir='ltr'><strong>decem,</strong></span> 
     </span>
     <span class='ocr_line' id='line_1_35' title="bbox 165 3984 1248 4066; baseline 0.001 -19"><span class='ocrx_word' id='word_1_149' title='bbox 165 3985 328 4047; x_wconf 91' lang='lat' dir='ltr'><strong>duodecim</strong></span> <span class='ocrx_word' id='word_1_150' title='bbox 343 3985 477 4066; x_wconf 91' lang='lat' dir='ltr'><strong>pedihus</strong></span> <span class='ocrx_word' id='word_1_151' title='bbox 493 3994 644 4064; x_wconf 89' lang='lat' dir='ltr'><strong>constant,</strong></span> <span class='ocrx_word' id='word_1_152' title='bbox 664 3986 723 4046; x_wconf 90' lang='lat' dir='ltr'><strong>nisi</strong></span> <span class='ocrx_word' id='word_1_153' title='bbox 738 3986 770 4045; x_wconf 90' lang='lat' dir='ltr'><strong>in</strong></span> <span class='ocrx_word' id='word_1_154' title='bbox 786 3984 944 4064; x_wconf 89' lang='lat' dir='ltr'><strong>dactylicis</strong></span> <span class='ocrx_word' id='word_1_155' title='bbox 960 3987 1105 4065; x_wconf 89' lang='lat' dir='ltr'><strong>numeris,</strong></span> <span class='ocrx_word' id='word_1_156' title='bbox 1125 3985 1157 4046; x_wconf 97' lang='lat' dir='ltr'><strong>in</strong></span> <span class='ocrx_word' id='word_1_157' title='bbox 1173 3987 1248 4065; x_wconf 89' lang='lat' dir='ltr'><strong>qui-</strong></span> 
     </span>
     <span class='ocr_line' id='line_1_36' title="bbox 167 4088 802 4170; baseline -0.002 -21"><span class='ocrx_word' id='word_1_158' title='bbox 167 4088 226 4151; x_wconf 90' lang='lat' dir='ltr'><strong>bus</strong></span> <span class='ocrx_word' id='word_1_159' title='bbox 241 4089 352 4170; x_wconf 77' lang='lat' dir='ltr'><strong>singuli</strong></span> <span class='ocrx_word' id='word_1_160' title='bbox 368 4089 463 4169; x_wconf 86' lang='lat' dir='ltr'><strong>pedes</strong></span> <span class='ocrx_word' id='word_1_161' title='bbox 479 4099 575 4151; x_wconf 87' lang='lat' dir='ltr'><strong>metra</strong></span> <span class='ocrx_word' id='word_1_162' title='bbox 590 4096 802 4151; x_wconf 90' lang='lat' dir='ltr'><strong>numerantur.</strong></span> 
     </span>
    </p>
   </div>
   <div class='ocr_carea' id='block_1_5' title="bbox 0 0 1421 4912">
    <p class='ocr_par' dir='ltr' id='par_1_25' title="bbox 0 0 1421 4912">
     <span class='ocr_line' id='line_1_37' title="bbox 0 0 1421 4912; baseline 0 0"><span class='ocrx_word' id='word_1_163' title='bbox 0 0 1421 4912; x_wconf 95' lang='lat' dir='ltr'><strong> </strong></span> 
     </span>
    </p>
   </div>
  </div>
 </body>
</html>
