<?xml version="1.0" encoding="UTF-8"?>
<!DOCTYPE html PUBLIC "-//W3C//DTD XHTML 1.0 Transitional//EN"
    "http://www.w3.org/TR/xhtml1/DTD/xhtml1-transitional.dtd">
<html xmlns="http://www.w3.org/1999/xhtml" xml:lang="en" lang="en">
 <head>
  <title>
</title>
<meta http-equiv="Content-Type" content="text/html;charset=utf-8" />
  <meta name='ocr-system' content='tesseract 3.04.00' />
  <meta name='ocr-capabilities' content='ocr_page ocr_carea ocr_par ocr_line ocrx_word'/>
</head>
<body>
  <div class='ocr_page' id='page_1' title='image "./godofrediherman00hermgoog/godofrediherman00hermgoog_0178.png"; bbox 0 0 2804 4912; ppageno 0'>
   <div class='ocr_carea' id='block_1_1' title="bbox 517 306 1269 366">
    <p class='ocr_par' dir='ltr' id='par_1_1' title="bbox 517 306 1269 366">
     <span class='ocr_line' id='line_1_1' title="bbox 517 306 1269 366; baseline -0.003 0"><span class='ocrx_word' id='word_1_1' title='bbox 517 322 554 366; x_wconf 84' lang='lat' dir='ltr'><strong>nu</strong></span> <span class='ocrx_word' id='word_1_2' title='bbox 571 322 703 366; x_wconf 75' lang='lat' dir='ltr'><strong>reuersus</strong></span> <span class='ocrx_word' id='word_1_3' title='bbox 719 322 933 365; x_wconf 77' lang='lat' dir='ltr'><strong>ouoarrnmrs.</strong></span> <span class='ocrx_word' id='word_1_4' title='bbox 1215 306 1269 365; x_wconf 87' lang='grc'><strong>141</strong></span> 
     </span>
    </p>
   </div>
   <div class='ocr_carea' id='block_1_2' title="bbox 179 475 1279 662">
    <p class='ocr_par' dir='ltr' id='par_1_2' title="bbox 179 475 1279 662">
     <span class='ocr_line' id='line_1_2' title="bbox 179 475 1277 557; baseline 0 -20"><span class='ocrx_word' id='word_1_5' title='bbox 179 485 319 556; x_wconf 77' lang='lat' dir='ltr'><strong>possent</strong></span> <span class='ocrx_word' id='word_1_6' title='bbox 332 477 476 557; x_wconf 80' lang='lat' dir='ltr'>incipere,</span> <span class='ocrx_word' id='word_1_7' title='bbox 500 486 532 538; x_wconf 91' lang='lat' dir='ltr'><strong>et</strong></span> <span class='ocrx_word' id='word_1_8' title='bbox 545 484 700 538; x_wconf 87' lang='lat' dir='ltr'><strong>extremas</strong></span> <span class='ocrx_word' id='word_1_9' title='bbox 716 477 907 557; x_wconf 72' lang='lat' dir='ltr'><strong>singidonum</strong></span> <span class='ocrx_word' id='word_1_10' title='bbox 923 475 1161 556; x_wconf 84' lang='lat' dir='ltr'><strong>antispastorum</strong></span> <span class='ocrx_word' id='word_1_11' title='bbox 1176 475 1277 554; x_wconf 86' lang='lat' dir='ltr'><strong>sylla-</strong></span> 
     </span>
     <span class='ocr_line' id='line_1_3' title="bbox 183 577 1279 662; baseline 0.001 -23"><span class='ocrx_word' id='word_1_12' title='bbox 183 579 250 639; x_wconf 92' lang='lat' dir='ltr'><strong>bas</strong></span> <span class='ocrx_word' id='word_1_13' title='bbox 264 579 415 641; x_wconf 87' lang='lat' dir='ltr'><strong>haberent</strong></span> <span class='ocrx_word' id='word_1_14' title='bbox 430 581 586 662; x_wconf 84' lang='lat' dir='ltr'><strong>ancipites.</strong></span> <span class='ocrx_word' id='word_1_15' title='bbox 612 581 754 641; x_wconf 88' lang='lat' dir='ltr'><strong>Errcrem</strong></span> <span class='ocrx_word' id='word_1_16' title='bbox 767 577 1050 641; x_wconf 87' lang='lat' dir='ltr'><strong>animadverterunt</strong></span> <span class='ocrx_word' id='word_1_17' title='bbox 1061 580 1158 640; x_wconf 90' lang='lat' dir='ltr'><strong>Latini</strong></span> <span class='ocrx_word' id='word_1_18' title='bbox 1169 597 1279 659; x_wconf 80' lang='lat' dir='ltr'><strong>gram-</strong></span> 
     </span>
    </p>
   </div>
   <div class='ocr_carea' id='block_1_3' title="bbox 180 681 526 766">
    <p class='ocr_par' dir='ltr' id='par_1_3' title="bbox 180 681 526 766">
     <span class='ocr_line' id='line_1_4' title="bbox 180 681 526 766; baseline 0.006 -24"><span class='ocrx_word' id='word_1_19' title='bbox 180 683 304 744; x_wconf 90' lang='lat' dir='ltr'><strong>matici.</strong></span> <span class='ocrx_word' id='word_1_20' title='bbox 329 681 437 766; x_wconf 86' lang='lat' dir='ltr'><strong>Vide§</strong></span> <span class='ocrx_word' id='word_1_21' title='bbox 454 683 526 744; x_wconf 75' lang='lat'><strong>2⁴⁴.</strong></span> 
     </span>
    </p>
   </div>
   <div class='ocr_carea' id='block_1_4' title="bbox 178 911 1276 1304">
    <p class='ocr_par' dir='ltr' id='par_1_4' title="bbox 178 911 1276 1304">
     <span class='ocr_line' id='line_1_5' title="bbox 277 911 1276 996; baseline -0.001 -17"><span class='ocrx_word' id='word_1_22' title='bbox 277 911 395 995; x_wconf 60' lang='lat'>5417.</span> <span class='ocrx_word' id='word_1_23' title='bbox 428 916 463 977; x_wconf 90' lang='lat' dir='ltr'><strong>ln</strong></span> <span class='ocrx_word' id='word_1_24' title='bbox 485 915 553 977; x_wconf 92' lang='lat' dir='ltr'><strong>basi</strong></span> <span class='ocrx_word' id='word_1_25' title='bbox 576 918 632 978; x_wconf 90' lang='lat' dir='ltr'><strong>soli</strong></span> <span class='ocrx_word' id='word_1_26' title='bbox 655 917 741 996; x_wconf 91' lang='lat' dir='ltr'><strong>lyrici</strong></span> <span class='ocrx_word' id='word_1_27' title='bbox 764 914 930 979; x_wconf 71' lang='lat' dir='ltr'><strong>beclenses</strong></span> <span class='ocrx_word' id='word_1_28' title='bbox 952 915 1042 976; x_wconf 91' lang='lat' dir='ltr'><strong>etiam</strong></span> <span class='ocrx_word' id='word_1_29' title='bbox 1065 915 1276 996; x_wconf 80' lang='lat' dir='ltr'><strong>pyrrhichium</strong></span> 
     </span>
     <span class='ocr_line' id='line_1_6' title="bbox 179 1017 1276 1100; baseline 0 -21"><span class='ocrx_word' id='word_1_30' title='bbox 179 1017 394 1080; x_wconf 88' lang='lat' dir='ltr'><strong>admiserunt.</strong></span> <span class='ocrx_word' id='word_1_31' title='bbox 430 1019 592 1082; x_wconf 86' lang='lat' dir='ltr'><strong>Comoedia</strong></span> <span class='ocrx_word' id='word_1_32' title='bbox 608 1029 639 1081; x_wconf 92' lang='lat' dir='ltr'><strong>et</strong></span> <span class='ocrx_word' id='word_1_33' title='bbox 654 1021 804 1082; x_wconf 82' lang='lat' dir='ltr'><strong>recentior</strong></span> <span class='ocrx_word' id='word_1_34' title='bbox 818 1017 971 1100; x_wconf 80' lang='lat' dir='ltr'><strong>tragoedia</strong></span> <span class='ocrx_word' id='word_1_35' title='bbox 994 1021 1085 1080; x_wconf 90' lang='lat' dir='ltr'><strong>etiam</strong></span> <span class='ocrx_word' id='word_1_36' title='bbox 1101 1019 1276 1098; x_wconf 80' lang='lat' dir='ltr'><strong>trisyllabos</strong></span> 
     </span>
     <span class='ocr_line' id='line_1_7' title="bbox 179 1119 1276 1202; baseline 0.002 -21"><span class='ocrx_word' id='word_1_37' title='bbox 179 1119 289 1202; x_wconf 90' lang='lat' dir='ltr'><strong>pedes</strong></span> <span class='ocrx_word' id='word_1_38' title='bbox 306 1123 336 1182; x_wconf 91' lang='lat' dir='ltr'><strong>in</strong></span> <span class='ocrx_word' id='word_1_39' title='bbox 352 1122 420 1184; x_wconf 90' lang='lat' dir='ltr'><strong>basi</strong></span> <span class='ocrx_word' id='word_1_40' title='bbox 434 1142 548 1202; x_wconf 91' lang='lat' dir='ltr'><strong>ponere</strong></span> <span class='ocrx_word' id='word_1_41' title='bbox 564 1142 637 1185; x_wconf 89' lang='lat' dir='ltr'><strong>ausa</strong></span> <span class='ocrx_word' id='word_1_42' title='bbox 655 1133 715 1202; x_wconf 85' lang='lat' dir='ltr'><strong>est,</strong></span> <span class='ocrx_word' id='word_1_43' title='bbox 740 1123 945 1202; x_wconf 82' lang='lat' dir='ltr'><strong>tribrachum,</strong></span> <span class='ocrx_word' id='word_1_44' title='bbox 971 1131 1187 1202; x_wconf 83' lang='lat' dir='ltr'><strong>anapaestum,</strong></span> <span class='ocrx_word' id='word_1_45' title='bbox 1215 1122 1276 1183; x_wconf 90' lang='lat' dir='ltr'><strong>da-</strong></span> 
     </span>
     <span class='ocr_line' id='line_1_8' title="bbox 178 1225 319 1304; baseline 0.007 -19"><span class='ocrx_word' id='word_1_46' title='bbox 178 1225 319 1304; x_wconf 87' lang='lat' dir='ltr'><strong>otylum.</strong></span> 
     </span>
    </p>
   </div>
   <div class='ocr_carea' id='block_1_5' title="bbox 182 1455 1275 1648">
    <p class='ocr_par' dir='ltr' id='par_1_5' title="bbox 182 1455 1275 1648">
     <span class='ocr_line' id='line_1_9' title="bbox 279 1455 1275 1538; baseline -0.003 -16"><span class='ocrx_word' id='word_1_47' title='bbox 279 1455 396 1538; x_wconf 62' lang='lat'>5418.</span> <span class='ocrx_word' id='word_1_48' title='bbox 430 1460 633 1524; x_wconf 75' lang='lat' dir='ltr'><strong>brevissimus</strong></span> <span class='ocrx_word' id='word_1_49' title='bbox 655 1461 766 1523; x_wconf 87' lang='lat' dir='ltr'><strong>horum</strong></span> <span class='ocrx_word' id='word_1_50' title='bbox 781 1478 929 1521; x_wconf 88' lang='lat' dir='ltr'><strong>versuum</strong></span> <span class='ocrx_word' id='word_1_51' title='bbox 950 1478 1048 1522; x_wconf 88' lang='lat' dir='ltr'><strong>unum</strong></span> <span class='ocrx_word' id='word_1_52' title='bbox 1065 1460 1275 1522; x_wconf 82' lang='lat' dir='ltr'><strong>choriambum</strong></span> 
     </span>
     <span class='ocr_line' id='line_1_10' title="bbox 182 1559 630 1648; baseline 0.009 -26"><span class='ocrx_word' id='word_1_53' title='bbox 182 1559 296 1623; x_wconf 91' lang='lat' dir='ltr'><strong>habet.</strong></span> <span class='ocrx_word' id='word_1_54' title='bbox 322 1560 431 1625; x_wconf 83' lang='lat' dir='ltr'><strong>Aesch.</strong></span> <span class='ocrx_word' id='word_1_55' title='bbox 451 1564 560 1648; x_wconf 90' lang='lat' dir='ltr'><strong>Suppl.</strong></span> <span class='ocrx_word' id='word_1_56' title='bbox 583 1567 630 1626; x_wconf 71' lang='lat' dir='ltr'><strong>ta.</strong></span> 
     </span>
    </p>
   </div>
   <div class='ocr_carea' id='block_1_6' title="bbox 278 1676 621 1765">
    <p class='ocr_par' dir='ltr' id='par_1_6' title="bbox 278 1676 621 1765">
     <span class='ocr_line' id='line_1_11' title="bbox 278 1676 621 1765; baseline 0.015 -23"><span class='ocrx_word' id='word_1_57' title='bbox 278 1683 334 1743; x_wconf 74' lang='lat' dir='ltr'><strong>miv</strong></span> <span class='ocrx_word' id='word_1_58' title='bbox 356 1676 390 1745; x_wconf 74' lang='grc' dir='ltr'><strong>ἓν</strong></span> <span class='ocrx_word' id='word_1_59' title='bbox 412 1677 621 1765; x_wconf 80' lang='grc' dir='ltr'><strong><em>ποιονόμοις.</em></strong></span> 
     </span>
    </p>
   </div>
   <div class='ocr_carea' id='block_1_7' title="bbox 185 1803 1270 1988">
    <p class='ocr_par' dir='ltr' id='par_1_7' title="bbox 185 1803 1270 1988">
     <span class='ocr_line' id='line_1_12' title="bbox 185 1803 1270 1885; baseline 0.002 -23"><span class='ocrx_word' id='word_1_60' title='bbox 185 1803 226 1862; x_wconf 84' lang='grc' dir='ltr'><strong>Εἰ</strong></span> <span class='ocrx_word' id='word_1_61' title='bbox 254 1803 414 1881; x_wconf 84' lang='lat' dir='ltr'><strong>proximus</strong></span> <span class='ocrx_word' id='word_1_62' title='bbox 439 1805 721 1885; x_wconf 76' lang='lat' dir='ltr'><strong>hypercatalectuS‚</strong></span> <span class='ocrx_word' id='word_1_63' title='bbox 751 1806 804 1884; x_wconf 93' lang='lat' dir='ltr'><strong>qui</strong></span> <span class='ocrx_word' id='word_1_64' title='bbox 830 1804 1123 1866; x_wconf 88' lang='lat' dir='ltr'><strong>Pherecrateus</strong></span> <span class='ocrx_word' id='word_1_65' title='bbox 1149 1803 1270 1865; x_wconf 89' lang='lat' dir='ltr'><strong>dicitur.</strong></span> 
     </span>
     <span class='ocr_line' id='line_1_13' title="bbox 186 1905 654 1988; baseline 0.009 -23"><span class='ocrx_word' id='word_1_66' title='bbox 186 1905 276 1966; x_wconf 92' lang='lat' dir='ltr'><strong>ldem</strong></span> <span class='ocrx_word' id='word_1_67' title='bbox 292 1907 323 1967; x_wconf 90' lang='lat' dir='ltr'><strong>S.</strong></span> <span class='ocrx_word' id='word_1_68' title='bbox 343 1906 383 1969; x_wconf 90' lang='lat' dir='ltr'><strong>ad</strong></span> <span class='ocrx_word' id='word_1_69' title='bbox 398 1907 453 1968; x_wconf 86' lang='lat' dir='ltr'><strong>Th.</strong></span> <span class='ocrx_word' id='word_1_70' title='bbox 474 1908 547 1970; x_wconf 79' lang='lat'>301.</span> <span class='ocrx_word' id='word_1_71' title='bbox 567 1927 654 1988; x_wconf 84' lang='lat' dir='ltr'><strong>seqq.</strong></span> 
     </span>
    </p>
   </div>
   <div class='ocr_carea' id='block_1_8' title="bbox 192 2020 1108 2351">
    <p class='ocr_par' dir='ltr' id='par_1_8' title="bbox 192 2020 1108 2351">
     <span class='ocr_line' id='line_1_14' title="bbox 277 2020 776 2112; baseline 0.006 -23"><span class='ocrx_word' id='word_1_72' title='bbox 277 2022 331 2089; x_wconf 83' lang='grc' dir='ltr'><strong>τοὶ</strong></span> <span class='ocrx_word' id='word_1_73' title='bbox 351 2022 413 2109; x_wconf 79' lang='grc' dir='ltr'><strong>μὲν</strong></span> <span class='ocrx_word' id='word_1_74' title='bbox 434 2021 495 2112; x_wconf 72' lang='grc' dir='ltr'><strong>γὰρ</strong></span> <span class='ocrx_word' id='word_1_75' title='bbox 519 2022 601 2091; x_wconf 80' lang='grc' dir='ltr'><strong><em>ποτὶ</em></strong></span> <span class='ocrx_word' id='word_1_76' title='bbox 621 2020 776 2112; x_wconf 70' lang='grc' dir='ltr'><strong><em>πύργους.</em></strong></span> 
     </span>
     <span class='ocr_line' id='line_1_15' title="bbox 192 2147 1108 2230; baseline 0.007 -24"><span class='ocrx_word' id='word_1_77' title='bbox 192 2147 281 2226; x_wconf 85' lang='lat' dir='ltr'><strong>Tum,</strong></span> <span class='ocrx_word' id='word_1_78' title='bbox 300 2150 353 2228; x_wconf 91' lang='lat' dir='ltr'><strong>qui</strong></span> <span class='ocrx_word' id='word_1_79' title='bbox 370 2149 578 2228; x_wconf 79' lang='lat' dir='ltr'><strong>logaoedicum</strong></span> <span class='ocrx_word' id='word_1_80' title='bbox 593 2149 732 2211; x_wconf 88' lang='lat' dir='ltr'><strong>ordinem</strong></span> <span class='ocrx_word' id='word_1_81' title='bbox 748 2149 851 2229; x_wconf 82' lang='lat' dir='ltr'><strong>habet,</strong></span> <span class='ocrx_word' id='word_1_82' title='bbox 871 2150 913 2212; x_wconf 90' lang='lat' dir='ltr'><strong>Gl</strong></span> <span class='ocrx_word' id='word_1_83' title='bbox 924 2168 1108 2230; x_wconf 89' lang='lat' dir='ltr'><strong>yconeus.</strong></span> 
     </span>
     <span class='ocr_line' id='line_1_16' title="bbox 278 2270 726 2351; baseline 0.004 -22"><span class='ocrx_word' id='word_1_84' title='bbox 278 2271 328 2330; x_wconf 78' lang='lat' dir='ltr'><strong>cui</strong></span> <span class='ocrx_word' id='word_1_85' title='bbox 341 2270 457 2349; x_wconf 74' lang='lat' dir='ltr'><strong>flauam</strong></span> <span class='ocrx_word' id='word_1_86' title='bbox 472 2271 587 2351; x_wconf 71' lang='lat' dir='ltr'><strong>reliqna</strong></span> <span class='ocrx_word' id='word_1_87' title='bbox 602 2289 726 2331; x_wconf 84' lang='lat' dir='ltr'><strong>comam.</strong></span> 
     </span>
    </p>
   </div>
   <div class='ocr_carea' id='block_1_9' title="bbox 197 2384 1274 2676">
    <p class='ocr_par' dir='ltr' id='par_1_9' title="bbox 197 2384 1274 2676">
     <span class='ocr_line' id='line_1_17' title="bbox 197 2384 1274 2471; baseline 0.008 -27"><span class='ocrx_word' id='word_1_88' title='bbox 197 2384 237 2446; x_wconf 81' lang='lat' dir='ltr'><strong>lle</strong></span> <span class='ocrx_word' id='word_1_89' title='bbox 250 2407 286 2449; x_wconf 90' lang='lat' dir='ltr'><strong>eo</strong></span> <span class='ocrx_word' id='word_1_90' title='bbox 302 2388 420 2451; x_wconf 91' lang='lat' dir='ltr'><strong>dicetur</strong></span> <span class='ocrx_word' id='word_1_91' title='bbox 441 2389 493 2452; x_wconf 91' lang='lat' dir='ltr'><strong>lib.</strong></span> <span class='ocrx_word' id='word_1_92' title='bbox 514 2391 562 2451; x_wconf 87' lang='grc' dir='ltr'><strong>ΙΙΙ.</strong></span> <span class='ocrx_word' id='word_1_93' title='bbox 595 2389 689 2453; x_wconf 82' lang='lat' dir='ltr'><strong>Aliud</strong></span> <span class='ocrx_word' id='word_1_94' title='bbox 711 2410 809 2471; x_wconf 79' lang='lat' dir='ltr'><strong>genus</strong></span> <span class='ocrx_word' id='word_1_95' title='bbox 824 2391 1001 2463; x_wconf 83' lang='lat' dir='ltr'><strong>choriambo</strong></span> <span class='ocrx_word' id='word_1_96' title='bbox 1015 2392 1191 2455; x_wconf 86' lang='lat' dir='ltr'><strong>trochaeum</strong></span> <span class='ocrx_word' id='word_1_97' title='bbox 1208 2394 1274 2453; x_wconf 85' lang='lat' dir='ltr'><strong>aive</strong></span> 
     </span>
     <span class='ocr_line' id='line_1_18' title="bbox 200 2491 1274 2575; baseline 0.004 -23"><span class='ocrx_word' id='word_1_98' title='bbox 200 2491 363 2566; x_wconf 85' lang='lat' dir='ltr'><strong>spondeum</strong></span> <span class='ocrx_word' id='word_1_99' title='bbox 390 2493 564 2556; x_wconf 89' lang='lat' dir='ltr'><strong>subiectum</strong></span> <span class='ocrx_word' id='word_1_100' title='bbox 590 2493 692 2556; x_wconf 90' lang='lat' dir='ltr'><strong>habet.</strong></span> <span class='ocrx_word' id='word_1_101' title='bbox 733 2493 842 2556; x_wconf 80' lang='lat' dir='ltr'><strong>Aesch.</strong></span> <span class='ocrx_word' id='word_1_102' title='bbox 869 2496 959 2557; x_wconf 86' lang='lat' dir='ltr'><strong>Eum.</strong></span> <span class='ocrx_word' id='word_1_103' title='bbox 989 2497 1102 2575; x_wconf 57' lang='lat'>1038„</span> <span class='ocrx_word' id='word_1_104' title='bbox 1136 2496 1195 2558; x_wconf 82' lang='lat' dir='ltr'><strong>nisi</strong></span> <span class='ocrx_word' id='word_1_105' title='bbox 1224 2496 1274 2557; x_wconf 92' lang='lat' dir='ltr'><strong>hic</strong></span> 
     </span>
     <span class='ocr_line' id='line_1_19' title="bbox 199 2596 775 2676; baseline 0.007 -21"><span class='ocrx_word' id='word_1_106' title='bbox 199 2607 313 2676; x_wconf 83' lang='lat' dir='ltr'><strong>quoque</strong></span> <span class='ocrx_word' id='word_1_107' title='bbox 330 2596 490 2676; x_wconf 89' lang='lat' dir='ltr'><strong>Glyconeis</strong></span> <span class='ocrx_word' id='word_1_108' title='bbox 506 2596 775 2661; x_wconf 89' lang='lat' dir='ltr'><strong>adnumerandus:</strong></span> 
     </span>
    </p>
   </div>
   <div class='ocr_carea' id='block_1_10' title="bbox 275 2706 702 2803">
    <p class='ocr_par' dir='ltr' id='par_1_10' title="bbox 275 2706 702 2803">
     <span class='ocr_line' id='line_1_20' title="bbox 275 2706 702 2803; baseline -0.002 -23"><span class='ocrx_word' id='word_1_109' title='bbox 275 2706 458 2803; x_wconf 71' lang='grc' dir='ltr'><em>εὐφαμεῖτε</em></span> <span class='ocrx_word' id='word_1_110' title='bbox 479 2711 529 2792; x_wconf 84' lang='grc' dir='ltr'><strong>δέ,</strong></span> <span class='ocrx_word' id='word_1_111' title='bbox 551 2716 702 2803; x_wconf 78' lang='grc' dir='ltr'><strong><em>χωρῖται.</em></strong></span> 
     </span>
    </p>
   </div>
   <div class='ocr_carea' id='block_1_11' title="bbox 163 2951 1269 3138">
    <p class='ocr_par' dir='ltr' id='par_1_11' title="bbox 163 2951 1269 3138">
     <span class='ocr_line' id='line_1_21' title="bbox 275 2951 1269 3040; baseline 0 -18"><span class='ocrx_word' id='word_1_112' title='bbox 275 2951 388 3037; x_wconf 60' lang='lat'>5419.</span> <span class='ocrx_word' id='word_1_113' title='bbox 414 2957 1269 3040; x_wconf 78' lang='lat' dir='ltr'><strong>Vsitatissimusestdimeterhypercatalectus,</strong></span> 
     </span>
     <span class='ocr_line' id='line_1_22' title="bbox 163 3045 442 3138; baseline 0.032 -24"><span class='ocrx_word' id='word_1_114' title='bbox 163 3045 281 3138; x_wconf 84' lang='lat' dir='ltr'><strong>Soph.</strong></span> <span class='ocrx_word' id='word_1_115' title='bbox 301 3059 349 3122; x_wconf 84' lang='grc' dir='ltr'><strong>Αἰ.</strong></span> <span class='ocrx_word' id='word_1_116' title='bbox 371 3065 442 3123; x_wconf 65' lang='grc' dir='ltr'><strong>6ἳ8.</strong></span> 
     </span>
    </p>
   </div>
   <div class='ocr_carea' id='block_1_12' title="bbox 274 3172 919 3270">
    <p class='ocr_par' dir='ltr' id='par_1_12' title="bbox 274 3172 919 3270">
     <span class='ocr_line' id='line_1_23' title="bbox 274 3172 919 3270; baseline 0.005 -27"><span class='ocrx_word' id='word_1_117' title='bbox 274 3172 347 3243; x_wconf 79' lang='grc' dir='ltr'><strong><em>οὐδ’</em></strong></span> <span class='ocrx_word' id='word_1_118' title='bbox 370 3173 506 3264; x_wconf 78' lang='grc' dir='ltr'><strong><em>οἰκτροῖς</em></strong></span> <span class='ocrx_word' id='word_1_119' title='bbox 527 3176 605 3267; x_wconf 74' lang='grc' dir='ltr'><strong><em>γόον</em></strong></span> <span class='ocrx_word' id='word_1_120' title='bbox 626 3172 765 3269; x_wconf 76' lang='grc' dir='ltr'><strong><em>δ’ρνιθος</em></strong></span> <span class='ocrx_word' id='word_1_121' title='bbox 786 3176 919 3270; x_wconf 78' lang='grc' dir='ltr'><strong><em>ἀηδοῦς.</em></strong></span> 
     </span>
    </p>
   </div>
   <div class='ocr_carea' id='block_1_13' title="bbox 141 3303 1273 3477">
    <p class='ocr_par' dir='ltr' id='par_1_13' title="bbox 141 3303 1273 3477">
     <span class='ocr_line' id='line_1_24' title="bbox 141 3303 1273 3441; baseline 0.003 -78"><span class='ocrx_word' id='word_1_122' title='bbox 141 3387 181 3441; x_wconf 47' lang='grc' dir='ltr'><strong>Γ</strong></span> <span class='ocrx_word' id='word_1_123' title='bbox 275 3303 473 3364; x_wconf 89' lang='lat' dir='ltr'><strong>Trimetro</strong></span> <span class='ocrx_word' id='word_1_124' title='bbox 494 3304 857 3385; x_wconf 81' lang='lat' dir='ltr'><strong>brachycatalecto</strong></span> <span class='ocrx_word' id='word_1_125' title='bbox 879 3306 1045 3385; x_wconf 88' lang='lat' dir='ltr'><strong>Sophocles</strong></span> <span class='ocrx_word' id='word_1_126' title='bbox 1064 3308 1185 3368; x_wconf 91' lang='lat' dir='ltr'><strong>ususin</strong></span> <span class='ocrx_word' id='word_1_127' title='bbox 1201 3303 1273 3367; x_wconf 83' lang='lat' dir='ltr'><strong>An-</strong></span> 
     </span>
     <span class='ocr_line' id='line_1_25' title="bbox 165 3405 332 3477; baseline 0 -11"><span class='ocrx_word' id='word_1_128' title='bbox 165 3405 239 3477; x_wconf 49' lang='lat' dir='ltr'><strong>ug,</strong></span> <span class='ocrx_word' id='word_1_129' title='bbox 260 3408 332 3468; x_wconf 78' lang='lat'>951.</span> 
     </span>
    </p>
   </div>
   <div class='ocr_carea' id='block_1_14' title="bbox 274 3517 921 3608">
    <p class='ocr_par' dir='ltr' id='par_1_14' title="bbox 274 3517 921 3608">
     <span class='ocr_line' id='line_1_26' title="bbox 274 3517 921 3608; baseline 0.006 -20"><span class='ocrx_word' id='word_1_130' title='bbox 274 3517 346 3589; x_wconf 71' lang='grc' dir='ltr'><strong>ἀλλ’</strong></span> <span class='ocrx_word' id='word_1_131' title='bbox 369 3519 391 3588; x_wconf 84' lang='grc' dir='ltr'><strong><em>ἆ</em></strong></span> <span class='ocrx_word' id='word_1_132' title='bbox 412 3519 567 3608; x_wconf 77' lang='grc' dir='ltr'><strong><em>μοιριδία</em></strong></span> <span class='ocrx_word' id='word_1_133' title='bbox 589 3547 641 3602; x_wconf 90' lang='grc' dir='ltr'><strong>τις</strong></span> <span class='ocrx_word' id='word_1_134' title='bbox 663 3521 797 3604; x_wconf 79' lang='grc' dir='ltr'><strong><em>δύνασις</em></strong></span> <span class='ocrx_word' id='word_1_135' title='bbox 818 3523 921 3593; x_wconf 79' lang='grc' dir='ltr'><strong><em>δεινά.</em></strong></span> 
     </span>
    </p>
   </div>
   <div class='ocr_carea' id='block_1_15' title="bbox 136 3764 1270 4307">
    <p class='ocr_par' dir='ltr' id='par_1_15' title="bbox 136 3764 1270 4307">
     <span class='ocr_line' id='line_1_27' title="bbox 136 3764 1270 3854; baseline 0.003 -22"><span class='ocrx_word' id='word_1_136' title='bbox 136 3840 149 3854; x_wconf 51' lang='grc'>,</span> <span class='ocrx_word' id='word_1_137' title='bbox 273 3764 390 3849; x_wconf 58' lang='grc' dir='ltr'><strong><em>ξ420.</em></strong></span> <span class='ocrx_word' id='word_1_138' title='bbox 422 3769 624 3832; x_wconf 87' lang='lat' dir='ltr'><strong>Inveniuntur</strong></span> <span class='ocrx_word' id='word_1_139' title='bbox 646 3770 736 3831; x_wconf 88' lang='lat' dir='ltr'><strong>etiam</strong></span> <span class='ocrx_word' id='word_1_140' title='bbox 759 3779 925 3851; x_wconf 75' lang='lat' dir='ltr'><strong>systemata</strong></span> <span class='ocrx_word' id='word_1_141' title='bbox 950 3771 1153 3834; x_wconf 77' lang='lat' dir='ltr'><strong>choriambico</strong></span> <span class='ocrx_word' id='word_1_142' title='bbox 1169 3771 1270 3835; x_wconf 87' lang='lat' dir='ltr'><strong>abasi</strong></span> 
     </span>
     <span class='ocr_line' id='line_1_28' title="bbox 136 3858 706 3954; baseline 0.007 -24"><span class='ocrx_word' id='word_1_143' title='bbox 136 3858 372 3950; x_wconf 64' lang='lat' dir='ltr'><strong>&#39;hoipientia</strong></span> <span class='ocrx_word' id='word_1_144' title='bbox 398 3871 507 3934; x_wconf 81' lang='lat' dir='ltr'><strong>Aesch.</strong></span> <span class='ocrx_word' id='word_1_145' title='bbox 528 3873 636 3954; x_wconf 89' lang='lat' dir='ltr'><strong>Suppl.</strong></span> <span class='ocrx_word' id='word_1_146' title='bbox 657 3877 706 3935; x_wconf 86' lang='lat'><strong>61.</strong></span> 
     </span>
     <span class='ocr_line' id='line_1_29' title="bbox 273 3982 803 4070; baseline 0.006 -17"><span class='ocrx_word' id='word_1_147' title='bbox 273 3985 407 4070; x_wconf 76' lang='grc' dir='ltr'><strong><em>δοξάσει</em></strong></span> <span class='ocrx_word' id='word_1_148' title='bbox 428 4012 479 4067; x_wconf 88' lang='grc' dir='ltr'><strong>τις</strong></span> <span class='ocrx_word' id='word_1_149' title='bbox 500 3983 630 4055; x_wconf 78' lang='grc' dir='ltr'><strong><em>ἀκούων</em></strong></span> <span class='ocrx_word' id='word_1_150' title='bbox 652 3982 722 4055; x_wconf 68' lang='lat' dir='ltr'><strong>dna</strong></span> <span class='ocrx_word' id='word_1_151' title='bbox 743 3996 803 4068; x_wconf 81' lang='grc' dir='ltr'><strong>τᾶς</strong></span> 
     </span>
     <span class='ocr_line' id='line_1_30' title="bbox 200 4089 417 4180; baseline 0.014 -25"><span class='ocrx_word' id='word_1_152' title='bbox 200 4125 215 4139; x_wconf 79' lang='grc'><strong>-</strong></span> <span class='ocrx_word' id='word_1_153' title='bbox 275 4089 417 4180; x_wconf 80' lang='grc' dir='ltr'><strong><em>Τηρεΐας</em></strong></span> 
     </span>
     <span class='ocr_line' id='line_1_31' title="bbox 269 4190 1060 4307; baseline 0.004 -46"><span class='ocrx_word' id='word_1_154' title='bbox 269 4191 412 4282; x_wconf 81' lang='grc' dir='ltr'><strong><em>μήτιδας</em></strong></span> <span class='ocrx_word' id='word_1_155' title='bbox 434 4190 571 4280; x_wconf 76' lang='grc' dir='ltr'><strong><em>οἰκτρᾶς</em></strong></span> <span class='ocrx_word' id='word_1_156' title='bbox 592 4190 725 4280; x_wconf 75' lang='grc' dir='ltr'><strong><em>ἀλόχου.</em></strong></span> <span class='ocrx_word' id='word_1_157' title='bbox 922 4244 957 4307; x_wconf 66' lang='grc'><strong>.</strong></span> <span class='ocrx_word' id='word_1_158' title='bbox 1058 4225 1060 4228; x_wconf 59' lang='grc'>’</span> 
     </span>
    </p>
   </div>
   <div class='ocr_carea' id='block_1_16' title="bbox 0 0 1406 4912">
    <p class='ocr_par' dir='ltr' id='par_1_16' title="bbox 0 0 1406 4912">
     <span class='ocr_line' id='line_1_32' title="bbox 0 0 1406 4912; baseline 0 1"><span class='ocrx_word' id='word_1_159' title='bbox 0 0 1406 4912; x_wconf 95' lang='lat' dir='ltr'><strong> </strong></span> 
     </span>
    </p>
   </div>
  </div>
 </body>
</html>
