2804 4912
511 306 696 353 numanus
712 306 875 349 cononicis.
1185 287 1244 349 tos

245 459 363 545 5448.
396 463 588 524 Pentametro
616 461 790 523 catalectico
818 460 850 520 in
876 456 1070 537 trisyllabum
1101 475 1178 519 usus
1201 467 1248 519 est
1285 511 1288 517 .

155 567 376 648 Theopompus
391 567 423 627 in
438 556 581 628 Hotcc'v:

245 679 342 748 πάντ’
367 677 486 769 άγαδὰ
501 678 542 770 δὴ
557 678 687 768 μέμονεν
703 673 862 765 ἀνδράσιν
877 675 959 767 ἐμῆς
974 672 1044 744 άπὸ
1061 673 1247 756 συνουσίας.

156 809 215 869 Hic
229 825 355 889 quoquc
368 806 494 875 videtur
516 824 675 868 caesuram
698 805 729 866 in
753 802 882 866 secundi
904 803 993 884 pedis
1009 803 1070 865 linc
1085 802 1241 866 habuisse.

245 1012 359 1096 5449.
375 1012 646 1089 Quemadmodum
654 1013 887 1091 contractiones
897 1020 933 1075 ut
944 1030 1037 1093 supra
1046 1010 1173 1091 dictum,
1183 1030 1244 1072 non

92 1163 95 1169 -
156 1116 296 1181 admittit
315 1119 373 1181 hoc
398 1128 529 1181 metrum
552 1135 609 1198 per
630 1116 752 1179 numeri
772 1116 871 1196 leges,
898 1118 939 1178 ita
960 1117 1126 1178 solutiones
1142 1133 1244 1178 anseos

90 1251 93 1257 ·
155 1240 263 1305 noque
276 1232 445 1304 usurpatae
460 1231 543 1301 sunt,
562 1239 620 1282 nec
633 1229 802 1300 potuerunt
817 1221 970 1299 usurpari,
990 1221 1016 1281 si
1032 1228 1114 1281 recte
1130 1221 1245 1281 statui-

90 1308 97 1385 ¹.
155 1344 230 1389 mus
245 1344 331 1389 arsos
352 1327 409 1388 tria
432 1335 569 1407 tempora
591 1322 716 1385 habere.
750 1322 1100 1404 Elegantissimivensus
1123 1324 1244 1384 suntin

154 1426 371 1510 Auistophanis
387 1427 507 1492 Avibus
524 1431 595 1488 3ts.

246 1538 324 1613 oin
346 1542 406 1634 γάρ
430 1537 508 1633 άρος
524 1541 654 1631 σκιερὸν
678 1536 751 1608 οάτε
774 1543 875 1634 νέφος
896 1537 1050 1633 οὐράνιον

245 1640 323 1715 οὔτε
345 1646 466 1714 πολιὸν
488 1644 635 1735 πέλαγός
657 1643 756 1727 ἐστιν,
775 1643 795 1713 δ’
813 1672 848 1713 τι
871 1645 999 1729 δέξεται

243 1746 322 1817 τάδ’
339 1746 554 1842 άντοσκνμόνσε
568 1775 621 1835 με.

155 1877 280 1950 Quibus
303 1879 357 1957 qui
387 1879 417 1937 in
441 1877 564 1955 stropha
586 1896 618 1936 v.
647 1878 718 1937 333.
747 1874 933 1957 respondere
955 1874 1087 1953 debent,
1120 1886 1243 1958 recepta

154 1980 338 2043 scholiastae
361 1979 764 2060 impeditioremverborum
785 1980 1034 2059 compositionem
1050 1979 1243 2061 expedientis

92 2104 95 2111 ·
154 2085 361 2165 explicatione
376 2084 562 2165 turpissimis
578 2082 781 2144 solutionibus
803 2081 932 2163 foedati,
952 2084 996 2144 sic
1010 2081 1157 2146 videntur
1171 2105 1243 2148 cor-

153 2187 275 2268 rigendi
288 2207 372 2251 esse:

244 2301 279 2384 ἔς
300 2329 336 2373 σε
360 2297 459 2370 δόλον
484 2300 521 2382 ὅς
534 2298 569 2388 μ’
586 2301 741 2373 ἐκάλεσεν
763 2301 953 2392 παρέβαλέν
974 2302 1071 2389 νέμε
1092 2301 1172 2395 παρ’

243 2402 327 2489 ἐξότ’
351 2405 498 2496 δμὲνοντο
523 2404 615 2496 γένος
635 2402 696 2490 οάχ
723 2402 817 2472 ὅσιον
840 2400 924 2497 ἀμφ’
949 2405 1025 2492 ἐμοὶ

241 2511 301 2578 καὶ
323 2511 486 2595 πολέμιον
500 2509 635 2602 τραφέν.

241 2721 265 2804 5
280 2719 358 2787 450.
384 2723 520 2785 Paeonici
536 2722 700 2785 catalectici
716 2725 748 2785 in
764 2721 968 2804 disyllabum,
988 2724 1060 2785 item
1077 2729 1241 2789 anacrusin

152 2826 318 2888 iambicam
331 2827 492 2907 habentes,
509 2846 577 2890 raro
592 2828 803 2889 inveniuntur.
828 2826 977 2908 Exempla
989 2829 1135 2890 nonnulla
1148 2829 1242 2892 habet

151 2929 311 3010 Aristoph.
330 2931 362 2991 in
378 2931 506 3010 Lysistr.
526 2932 557 2991 in
573 2931 718 3009 carmine,
737 2928 821 3009 quod
836 2939 884 2992 est
899 2949 914 2992 a
932 2948 962 2992 v.
982 2934 999 2992 7
1005 2932 1054 2991 8l.

242 3040 343 3124 αὐτὸς
367 3043 417 3114 ἔτι
438 3050 522 3126 παῖς
541 3039 596 3114 ciis.

241 3147 374 3240 φεύγων
394 3148 500 3239 γάμον
522 3144 653 3241 άφίκεά
676 3147 710 3228 ἐς
732 3145 880 3239 ἐρημίαν,

239 3249 301 3319 κάν
322 3256 396 3332 τοῖς
410 3246 520 3341 άρεσιν
536 3246 628 3340 ᾤκει,

239 3344 313 3444 κᾷτ’
337 3354 544 3446 δλαγοθήρα,

239 3455 447 3545 πλεξάμενος
461 3452 572 3545 άρκος,

239 3561 298 3628 καὶ
319 3560 401 3629 κύνα
422 3558 483 3629 τίν’
501 3555 596 3646 εἶχεν,

240 3658 373 3733 κοάκέσι
394 3666 543 3755 κατῆλθε
563 3663 667 3732 πάλιν
687 3660 796 3736 οἴκαδ’
818 3664 886 3738 άπὸ
906 3667 1035 3756 μίσους.

540 3983 847 3994 hun-fi-——n—-n-——a
