2804 4912
503 320 539 361 aa
556 319 607 361 vsv
622 319 893 362 aarrsrnormnru.
1181 299 1242 364 tat

243 467 358 549 §643
387 474 465 532 Tum
489 464 777 553 παλινῳδικά,
803 473 857 532 hac
875 471 987 532 forma:
1011 469 1058 531 A.
1080 471 1116 531 Β.
1138 471 1174 531 Β.
1197 468 1240 532 Α.

152 575 243 646 Quae
259 563 515 636 ἀντιθετικὰ
538 586 701 652 vocantur,
729 577 753 636 si
779 594 838 634 non
863 575 1020 653 strophae,
1053 571 1110 634 sed
1133 573 1244 652 singuli

156 694 267 738 versus
283 677 341 738 sibi
359 677 548 755 respondent
564 679 620 740 isto
636 676 743 756 modo,
766 687 799 738 ut
814 679 857 738 α’.
876 679 916 757 β’.
935 672 971 756 γ’.
989 673 1024 759 γ’.
1040 669 1081 756 β.
1099 679 1142 736 α’.

244 880 358 963 5644.
387 884 503 945 Deinde
521 880 765 967 σεριῳδικσέ,
784 885 839 944 hac
855 885 968 945 forma:
990 885 1032 950 A.
1049 883 1090 945 Β.
1108 883 1146 945 Β.
1164 885 1194 944 Γ
1192 931 1199 944 .

245 1088 360 1170 §645
389 1093 525 1170 Denique
542 1085 644 1152 κατὰ
668 1087 907 1174 περικοπὴν
930 1082 1239 1175 ἀνομοιομερῆ,

154 1195 214 1254 hoc
231 1194 336 1255 modo:
356 1192 403 1254 A.
424 1194 462 1254 B.
478 1193 526 1254 A.
544 1196 581 1256 B.

145 1412 149 1421 “
243 1397 355 1480 §aad
383 1396 707 1480 ilisadduntpcuvd
723 1396 826 1464 κατὰ
850 1395 1008 1480 σχέσιν,
1026 1401 1244 1481 quumdiver-

155 1523 210 1565 sae
222 1523 261 1564 ex
276 1506 329 1582 iis,
349 1523 426 1583 quas
438 1505 618 1597 attulimuS,
639 1505 753 1566 formae
769 1507 948 1566 coniunctae
965 1514 1047 1583 sunt,
1068 1514 1102 1566 ut
1117 1505 1242 1585 apodica
1336 1542 1339 1548 ·

154 1605 1243 1686 mmmmmfflwAstARfflmmfflmmm

155 1710 720 1791 mmmARRARRA

243 1914 356 1995 5647.
383 1912 558 1980 Etuocvd
580 1911 682 1981 κατὰ
705 1912 867 1998 σχέσιν,
885 1917 1243 2000 quaepluribusperae-
1339 1902 1341 1906 ὗ

155 2041 218 2099 quc
236 2023 342 2081 horum
368 2041 514 2101 generum
535 2021 731 2083 adnumerari
753 2031 899 2101 possunt:
926 2023 1026 2102 qualia
1051 2033 1139 2102 sunt,
1163 2041 1243 2102 quae

156 2123 305 2186 dicuutur
320 2118 405 2185 κατὰ
422 2119 608 2210 περικοπὴν
623 2115 858 2210 ἀνομοιομερῆ,
874 2126 922 2187 A.
943 2127 981 2187 B.
1018 2123 1050 2186 4.
1068 2127 1106 2187 Β.
1126 2127 1201 2186 Nam
1219 2128 1245 2188 si

155 2232 203 2289 A.
224 2227 261 2288 Β.
289 2230 321 2287 in
336 2247 430 2290 unam
453 2230 610 2309 stropham
628 2229 658 2289 Γ
658 2278 663 2288 .
685 2230 896 2309 coniunxeris,
923 2229 1053 2291 habebis
1068 2240 1244 2292 monostro-

154 2331 246 2411 phica
263 2331 294 2392 Γ
293 2377 299 2389 .
323 2332 352 2390 Γ
351 2381 357 2391 .
429 2348 431 2352 ·

242 2517 358 2601 §648
393 2522 517 2583 Nullum
545 2532 592 2583 est
615 2523 724 2584 horum
751 2541 916 2602 generum,
944 2526 1032 2586 cuius
1057 2543 1118 2586 nou
1147 2525 1243 2586 muita

155 2622 246 2685 hodie
262 2643 386 2703 quoque
403 2625 542 2706 exempla
560 2628 726 2707 supersint.
761 2625 823 2687 Sed
838 2629 1010 2689 rarissimae
1033 2638 1106 2689 sunt
1128 2621 1245 2711 σειρὰς

155 2737 188 2787 et
204 2720 325 2801 πεντὰς
341 2720 501 2813 ἒπῳδική.
532 2723 637 2809 Τριὰς
651 2748 725 2790 vero
740 2732 939 2792 usitatissima
956 2740 1011 2810 est,
1032 2740 1066 2793 ut
1081 2733 1112 2790 in
1128 2731 1244 2811 pleris-

156 2849 218 2909 que
239 2830 360 2892 Pindari
384 2832 571 2893 carminibus
592 2842 622 2894 et
647 2832 822 2894 Simonidis.
862 2828 1128 2919 Μονοσσροφικὰ
1148 2835 1242 2914 lyrica

156 2936 290 2994 maxime
307 2937 406 3015 poesis
423 2936 630 3015 antiquiorum
653 2936 876 3017 frequentavit,
902 2956 980 3017 quos
1003 2939 1100 3000 secuti
1116 2938 1243 2998 Romani
1276 2942 1278 2947 '

154 3046 273 3117 poetae.
315 3037 432 3099 Eadem
462 3039 626 3118 lyricorum
657 3048 741 3100 aetas
772 3042 863 3101 etiam
894 3041 989 3102 multa
1019 3033 1104 3103 κατὰ
1131 3031 1243 3118 στίχον

156 3142 295 3219 scripsit,
324 3160 384 3220 quo
409 3143 438 3202 in
463 3161 573 3221 genere
596 3143 778 3204 brevissima
802 3144 927 3205 forsitan
944 3143 1039 3205 forma
1055 3154 1120 3223 est,
1148 3163 1242 3224 quarn

155 3245 295 3324 Sappho,
317 3246 497 3318 Terentiano
513 3248 617 3307 Mauro
633 3255 710 3307 teste
726 3266 795 3328 pag.
817 3250 910 3309 atat.
931 3268 960 3308 v.
981 3248 1076 3309 2459.
1096 3265 1183 3326 seqq.
1202 3267 1241 3308 ex

155 3347 298 3409 versibus
313 3346 439 3410 Adoniis
456 3347 634 3427 composuit.
669 3351 902 3430 Monostrophici
921 3353 1064 3412 carminis
1080 3350 1158 3413 duas
1174 3349 1242 3410 for-

155 3448 356 3512 mashloman
374 3470 435 3513 uno
452 3453 586 3512 carmine
602 3454 769 3532 coniunxit,
789 3464 906 3535 septem
923 3456 1056 3535 strophis
1072 3454 1154 3515 idem
1170 3473 1242 3515 me-

154 3565 237 3614 trum
256 3553 442 3615 habentibus
458 3556 533 3616 alias
552 3565 670 3634 septem
688 3557 745 3617 alio
761 3566 872 3637 metro,
900 3558 956 3619 sed
972 3559 1027 3619 has
1043 3575 1165 3638 quoquc
1182 3556 1241 3618 sibi

154 3675 262 3717 omnes
277 3675 367 3735 pares
383 3658 565 3736 subiiciens,
585 3668 621 3720 ut
635 3659 728 3720 refert
744 3661 926 3740 Hephaestio
941 3681 971 3743 p.
985 3660 1024 3722 74
1046 3664 1069 3738 (t
1079 3659 1142 3742 34).

241 3879 356 3963 ξ649.
390 3884 506 3962 Tragici
536 3884 719 3964 plerumque
742 3887 773 3945 in
797 3886 925 3946 choricis
949 3885 1138 3947 carminibus
1159 3884 1239 3948 duas
1334 3903 1338 3912 ·

154 3994 275 4048 tantum
291 3987 400 4047 eodem
416 3995 513 4047 metro
533 3987 674 4066 strophas
695 3998 831 4067 ponunt,
859 3987 971 4049 deindo
987 3988 1066 4050 duas
1089 3990 1164 4050 aiias
1180 3989 1239 4051 alio

154 4099 261 4167 metro,
281 4100 311 4150 ct
326 4092 369 4150 sic
385 4090 528 4169 amplius.
555 4088 714 4152 Interdum
729 4091 776 4152 his
792 4091 924 4171 epodum
941 4110 1035 4152 unam
1052 4093 1100 4154 vei
1116 4093 1148 4152 in
1164 4094 1234 4171 fine,
1290 4124 1295 4134 ·

151 4193 202 4253 vel
218 4195 250 4253 in
266 4193 367 4255 medio
378 4195 512 4255 carmine
523 4194 654 4256 addunt.
683 4194 745 4255 Hoc
757 4193 846 4255 modo
858 4195 925 4257 sine
940 4194 1056 4274 epodo:
1076 4196 1119 4256 σι’.
1137 4187 1179 4256 σι’.
1191 4188 1233 4275 pt.
