<?xml version="1.0" encoding="UTF-8"?>
<!DOCTYPE html PUBLIC "-//W3C//DTD XHTML 1.0 Transitional//EN"
    "http://www.w3.org/TR/xhtml1/DTD/xhtml1-transitional.dtd">
<html xmlns="http://www.w3.org/1999/xhtml" xml:lang="en" lang="en">
 <head>
  <title>
</title>
<meta http-equiv="Content-Type" content="text/html;charset=utf-8" />
  <meta name='ocr-system' content='tesseract 3.04.00' />
  <meta name='ocr-capabilities' content='ocr_page ocr_carea ocr_par ocr_line ocrx_word'/>
</head>
<body>
  <div class='ocr_page' id='page_1' title='image "./godofrediherman00hermgoog/godofrediherman00hermgoog_0160.png"; bbox 0 0 2804 4912; ppageno 0'>
   <div class='ocr_carea' id='block_1_1' title="bbox 496 306 1251 375">
    <p class='ocr_par' dir='ltr' id='par_1_1' title="bbox 496 306 1251 375">
     <span class='ocr_line' id='line_1_1' title="bbox 496 306 1251 375; baseline -0.004 -2"><span class='ocrx_word' id='word_1_1' title='bbox 496 326 535 373; x_wconf 72' lang='lat' dir='ltr'>c!</span> <span class='ocrx_word' id='word_1_2' title='bbox 548 327 752 375; x_wconf 65' lang='lat' dir='ltr'>comanensis</span> <span class='ocrx_word' id='word_1_3' title='bbox 768 328 915 372; x_wconf 71' lang='lat' dir='ltr'>niurias.</span> <span class='ocrx_word' id='word_1_4' title='bbox 1193 306 1251 370; x_wconf 80' lang='lat'>127</span> 
     </span>
    </p>
   </div>
   <div class='ocr_carea' id='block_1_2' title="bbox 152 475 1254 665">
    <p class='ocr_par' dir='ltr' id='par_1_2' title="bbox 152 475 1254 665">
     <span class='ocr_line' id='line_1_2' title="bbox 255 475 1252 562; baseline -0.004 -18"><span class='ocrx_word' id='word_1_5' title='bbox 255 475 371 561; x_wconf 59' lang='lat'><strong>5381.</strong></span> <span class='ocrx_word' id='word_1_6' title='bbox 405 483 611 545; x_wconf 83' lang='lat' dir='ltr'>Romanorum</span> <span class='ocrx_word' id='word_1_7' title='bbox 633 491 753 545; x_wconf 86' lang='lat' dir='ltr'>veteres</span> <span class='ocrx_word' id='word_1_8' title='bbox 775 482 904 562; x_wconf 79' lang='lat' dir='ltr'>tragicos</span> <span class='ocrx_word' id='word_1_9' title='bbox 925 481 1060 562; x_wconf 77' lang='lat' dir='ltr'>legitima</span> <span class='ocrx_word' id='word_1_10' title='bbox 1084 487 1252 561; x_wconf 81' lang='lat' dir='ltr'><strong>systemata</strong></span> 
     </span>
     <span class='ocr_line' id='line_1_3' title="bbox 152 581 1254 665; baseline 0 -23"><span class='ocrx_word' id='word_1_11' title='bbox 152 581 278 643; x_wconf 83' lang='lat' dir='ltr'>eadem</span> <span class='ocrx_word' id='word_1_12' title='bbox 301 586 423 647; x_wconf 83' lang='lat' dir='ltr'>numeri</span> <span class='ocrx_word' id='word_1_13' title='bbox 445 588 667 665; x_wconf 75' lang='lat' dir='ltr'>perpetuitate,</span> <span class='ocrx_word' id='word_1_14' title='bbox 694 595 730 648; x_wconf 94' lang='lat' dir='ltr'>ut</span> <span class='ocrx_word' id='word_1_15' title='bbox 751 586 899 664; x_wconf 86' lang='lat' dir='ltr'>Graecos,</span> <span class='ocrx_word' id='word_1_16' title='bbox 923 582 1096 646; x_wconf 84' lang='lat' dir='ltr'>condidisse</span> <span class='ocrx_word' id='word_1_17' title='bbox 1119 581 1254 645; x_wconf 84' lang='lat' dir='ltr'>ostendit</span> 
     </span>
    </p>
   </div>
   <div class='ocr_carea' id='block_1_3' title="bbox 155 684 1252 851">
    <p class='ocr_par' dir='ltr' id='par_1_3' title="bbox 155 684 1252 851">
     <span class='ocr_line' id='line_1_4' title="bbox 156 684 1252 772; baseline -0.001 -26"><span class='ocrx_word' id='word_1_18' title='bbox 156 686 325 748; x_wconf 85' lang='lat' dir='ltr'>Bentleius</span> <span class='ocrx_word' id='word_1_19' title='bbox 340 689 370 748; x_wconf 94' lang='lat' dir='ltr'>in</span> <span class='ocrx_word' id='word_1_20' title='bbox 388 688 515 768; x_wconf 83' lang='lat' dir='ltr'>epistola</span> <span class='ocrx_word' id='word_1_21' title='bbox 530 688 570 751; x_wconf 89' lang='lat' dir='ltr'>ad</span> <span class='ocrx_word' id='word_1_22' title='bbox 585 689 711 751; x_wconf 85' lang='lat' dir='ltr'>llillium</span> <span class='ocrx_word' id='word_1_23' title='bbox 726 710 758 772; x_wconf 89' lang='lat' dir='ltr'>p.</span> <span class='ocrx_word' id='word_1_24' title='bbox 772 687 842 751; x_wconf 79' lang='lat' dir='ltr'>t7t.</span> <span class='ocrx_word' id='word_1_25' title='bbox 862 687 912 750; x_wconf 84' lang='lat' dir='ltr'>ed.</span> <span class='ocrx_word' id='word_1_26' title='bbox 928 690 1009 766; x_wconf 89' lang='lat' dir='ltr'>Lips.</span> <span class='ocrx_word' id='word_1_27' title='bbox 1021 684 1122 749; x_wconf 74' lang='lat' dir='ltr'>Attius</span> <span class='ocrx_word' id='word_1_28' title='bbox 1137 687 1168 747; x_wconf 96' lang='lat' dir='ltr'>in</span> <span class='ocrx_word' id='word_1_29' title='bbox 1177 685 1252 746; x_wconf 89' lang='lat' dir='ltr'>Phi-</span> 
     </span>
     <span class='ocr_line' id='line_1_5' title="bbox 155 788 297 851; baseline 0.007 -4"><span class='ocrx_word' id='word_1_30' title='bbox 155 788 277 851; x_wconf 83' lang='lat' dir='ltr'>locteta</span> <span class='ocrx_word' id='word_1_31' title='bbox 291 810 297 848; x_wconf 95' lang='lat'>:</span> 
     </span>
    </p>
   </div>
   <div class='ocr_carea' id='block_1_4' title="bbox 254 927 843 1316">
    <p class='ocr_par' dir='ltr' id='par_1_4' title="bbox 255 927 776 1010">
     <span class='ocr_line' id='line_1_6' title="bbox 255 927 776 1010; baseline 0.013 -22"><span class='ocrx_word' id='word_1_32' title='bbox 255 927 304 991; x_wconf 77' lang='lat' dir='ltr'>tei</span> <span class='ocrx_word' id='word_1_33' title='bbox 317 929 385 1010; x_wconf 81' lang='lat' dir='ltr'>quta</span> <span class='ocrx_word' id='word_1_34' title='bbox 400 929 488 993; x_wconf 71' lang='lat' dir='ltr'>soleis</span> <span class='ocrx_word' id='word_1_35' title='bbox 502 929 639 1010; x_wconf 65' lang='lat' dir='ltr'>fluctibus</span> <span class='ocrx_word' id='word_1_36' title='bbox 654 929 776 995; x_wconf 79' lang='lat' dir='ltr'>mandet</span> 
     </span>
    </p>

    <p class='ocr_par' dir='ltr' id='par_1_5' title="bbox 254 1030 735 1097">
     <span class='ocr_line' id='line_1_7' title="bbox 254 1030 735 1097; baseline 0.002 -4"><span class='ocrx_word' id='word_1_37' title='bbox 254 1049 301 1093; x_wconf 86' lang='lat' dir='ltr'>me</span> <span class='ocrx_word' id='word_1_38' title='bbox 316 1051 358 1094; x_wconf 87' lang='lat' dir='ltr'>eoo</span> <span class='ocrx_word' id='word_1_39' title='bbox 373 1030 497 1094; x_wconf 81' lang='lat' dir='ltr'>sdblimi</span> <span class='ocrx_word' id='word_1_40' title='bbox 509 1033 619 1096; x_wconf 76' lang='lat' dir='ltr'>vertice</span> <span class='ocrx_word' id='word_1_41' title='bbox 634 1034 735 1097; x_wconf 76' lang='lat' dir='ltr'>sowi?</span> 
     </span>
    </p>

    <p class='ocr_par' dir='ltr' id='par_1_6' title="bbox 255 1133 843 1316">
     <span class='ocr_line' id='line_1_8' title="bbox 255 1133 843 1216; baseline 0.003 -22"><span class='ocrx_word' id='word_1_42' title='bbox 255 1135 379 1196; x_wconf 80' lang='lat' dir='ltr'>iamiam</span> <span class='ocrx_word' id='word_1_43' title='bbox 394 1133 555 1196; x_wconf 76' lang='lat' dir='ltr'>absumor:</span> <span class='ocrx_word' id='word_1_44' title='bbox 574 1135 696 1216; x_wconf 75' lang='lat' dir='ltr'>conficit</span> <span class='ocrx_word' id='word_1_45' title='bbox 709 1137 843 1197; x_wconf 77' lang='lat' dir='ltr'>ocimum</span> 
     </span>
     <span class='ocr_line' id='line_1_9' title="bbox 296 1237 755 1316; baseline 0 -17"><span class='ocrx_word' id='word_1_46' title='bbox 296 1239 342 1300; x_wconf 80' lang='lat' dir='ltr'>vis</span> <span class='ocrx_word' id='word_1_47' title='bbox 357 1237 497 1316; x_wconf 79' lang='lat' dir='ltr'>volneris,</span> <span class='ocrx_word' id='word_1_48' title='bbox 515 1239 627 1301; x_wconf 79' lang='lat' dir='ltr'>ciceris</span> <span class='ocrx_word' id='word_1_49' title='bbox 643 1241 755 1301; x_wconf 68' lang='lat' dir='ltr'>castos.</span> 
     </span>
    </p>
   </div>
   <div class='ocr_carea' id='block_1_5' title="bbox 159 1372 1291 1767">
    <p class='ocr_par' dir='ltr' id='par_1_7' title="bbox 159 1372 1291 1767">
     <span class='ocr_line' id='line_1_10' title="bbox 159 1372 1291 1455; baseline 0.001 -20"><span class='ocrx_word' id='word_1_50' title='bbox 159 1372 248 1435; x_wconf 80' lang='lat' dir='ltr'>Vsus</span> <span class='ocrx_word' id='word_1_51' title='bbox 263 1373 321 1435; x_wconf 90' lang='lat' dir='ltr'>hoo</span> <span class='ocrx_word' id='word_1_52' title='bbox 335 1393 445 1455; x_wconf 78' lang='lat' dir='ltr'>genere</span> <span class='ocrx_word' id='word_1_53' title='bbox 460 1385 509 1437; x_wconf 91' lang='lat' dir='ltr'>est</span> <span class='ocrx_word' id='word_1_54' title='bbox 523 1377 613 1439; x_wconf 90' lang='lat' dir='ltr'>etiam</span> <span class='ocrx_word' id='word_1_55' title='bbox 628 1376 770 1454; x_wconf 87' lang='lat' dir='ltr'>Plautus,</span> <span class='ocrx_word' id='word_1_56' title='bbox 790 1374 846 1438; x_wconf 91' lang='lat' dir='ltr'>sed</span> <span class='ocrx_word' id='word_1_57' title='bbox 862 1376 977 1436; x_wconf 88' lang='lat' dir='ltr'>minore</span> <span class='ocrx_word' id='word_1_58' title='bbox 993 1374 1151 1455; x_wconf 78' lang='lat' dir='ltr'>elegantia,</span> <span class='ocrx_word' id='word_1_59' title='bbox 1171 1383 1201 1436; x_wconf 89' lang='lat' dir='ltr'>et</span> <span class='ocrx_word' id='word_1_60' title='bbox 1216 1386 1252 1437; x_wconf 92' lang='lat' dir='ltr'>ut</span> <span class='ocrx_word' id='word_1_61' title='bbox 1287 1418 1291 1425; x_wconf 88' lang='lat'><em>-</em></span> 
     </span>
     <span class='ocr_line' id='line_1_11' title="bbox 160 1456 1250 1560; baseline 0 -21"><span class='ocrx_word' id='word_1_62' title='bbox 160 1476 334 1539; x_wconf 79' lang='lat' dir='ltr'>solutiones</span> <span class='ocrx_word' id='word_1_63' title='bbox 351 1478 474 1540; x_wconf 84' lang='lat' dir='ltr'>crebras</span> <span class='ocrx_word' id='word_1_64' title='bbox 495 1479 686 1559; x_wconf 87' lang='lat' dir='ltr'>admitteret,</span> <span class='ocrx_word' id='word_1_65' title='bbox 708 1480 835 1560; x_wconf 89' lang='lat' dir='ltr'>ipsoque</span> <span class='ocrx_word' id='word_1_66' title='bbox 851 1481 882 1540; x_wconf 97' lang='lat' dir='ltr'>in</span> <span class='ocrx_word' id='word_1_67' title='bbox 903 1480 1092 1559; x_wconf 87' lang='lat' dir='ltr'>paroemiaoo</span> <span class='ocrx_word' id='word_1_68' title='bbox 1111 1456 1250 1540; x_wconf 78' lang='lat' dir='ltr'>ultimam</span> 
     </span>
     <span class='ocr_line' id='line_1_12' title="bbox 160 1580 1245 1661; baseline 0.001 -20"><span class='ocrx_word' id='word_1_69' title='bbox 160 1580 251 1641; x_wconf 86' lang='lat' dir='ltr'>arsin</span> <span class='ocrx_word' id='word_1_70' title='bbox 265 1581 383 1642; x_wconf 86' lang='lat' dir='ltr'>solvere</span> <span class='ocrx_word' id='word_1_71' title='bbox 405 1600 466 1643; x_wconf 93' lang='lat' dir='ltr'>non</span> <span class='ocrx_word' id='word_1_72' title='bbox 482 1582 652 1661; x_wconf 71' lang='lat' dir='ltr'>dubitaret,</span> <span class='ocrx_word' id='word_1_73' title='bbox 678 1589 713 1645; x_wconf 88' lang='lat' dir='ltr'>ut</span> <span class='ocrx_word' id='word_1_74' title='bbox 728 1583 759 1643; x_wconf 91' lang='lat' dir='ltr'>in</span> <span class='ocrx_word' id='word_1_75' title='bbox 772 1582 876 1644; x_wconf 87' lang='lat' dir='ltr'>Sticho</span> <span class='ocrx_word' id='word_1_76' title='bbox 890 1583 912 1643; x_wconf 91' lang='grc' dir='ltr'>Ι.</span> <span class='ocrx_word' id='word_1_77' title='bbox 931 1586 958 1643; x_wconf 86' lang='lat' dir='ltr'>l.</span> <span class='ocrx_word' id='word_1_78' title='bbox 978 1581 1018 1643; x_wconf 90' lang='lat' dir='ltr'>de</span> <span class='ocrx_word' id='word_1_79' title='bbox 1033 1600 1094 1661; x_wconf 88' lang='lat' dir='ltr'>qua</span> <span class='ocrx_word' id='word_1_80' title='bbox 1110 1599 1200 1643; x_wconf 88' lang='lat' dir='ltr'>scena</span> <span class='ocrx_word' id='word_1_81' title='bbox 1216 1600 1245 1642; x_wconf 83' lang='grc' dir='ltr'>ν.</span> 
     </span>
     <span class='ocr_line' id='line_1_13' title="bbox 160 1680 602 1767; baseline 0.014 -24"><span class='ocrx_word' id='word_1_82' title='bbox 160 1680 265 1744; x_wconf 87' lang='lat' dir='ltr'>Elem.</span> <span class='ocrx_word' id='word_1_83' title='bbox 284 1682 315 1746; x_wconf 91' lang='lat' dir='ltr'>d.</span> <span class='ocrx_word' id='word_1_84' title='bbox 335 1703 376 1746; x_wconf 86' lang='lat' dir='ltr'>m.</span> <span class='ocrx_word' id='word_1_85' title='bbox 394 1705 426 1767; x_wconf 89' lang='lat' dir='ltr'>p.</span> <span class='ocrx_word' id='word_1_86' title='bbox 446 1689 518 1748; x_wconf 80' lang='grc'><strong>394.</strong></span> <span class='ocrx_word' id='word_1_87' title='bbox 538 1705 602 1767; x_wconf 89' lang='lat' dir='ltr'>seq.</span> 
     </span>
    </p>
   </div>
   <div class='ocr_carea' id='block_1_6' title="bbox 250 1821 831 1907">
    <p class='ocr_par' dir='ltr' id='par_1_8' title="bbox 250 1821 831 1907">
     <span class='ocr_line' id='line_1_14' title="bbox 250 1821 831 1907; baseline 0.003 -25"><span class='ocrx_word' id='word_1_88' title='bbox 250 1821 366 1901; x_wconf 88' lang='lat' dir='ltr'>placet:</span> <span class='ocrx_word' id='word_1_89' title='bbox 385 1825 479 1884; x_wconf 84' lang='lat' dir='ltr'>tdceo.</span> <span class='ocrx_word' id='word_1_90' title='bbox 497 1830 530 1885; x_wconf 90' lang='lat' dir='ltr'>ot</span> <span class='ocrx_word' id='word_1_91' title='bbox 543 1823 715 1886; x_wconf 80' lang='lat' dir='ltr'>otemioeris</span> <span class='ocrx_word' id='word_1_92' title='bbox 728 1822 831 1907; x_wconf 80' lang='lat' dir='ltr'>sdoito.</span> 
     </span>
    </p>
   </div>
   <div class='ocr_carea' id='block_1_7' title="bbox 161 1956 1275 2355">
    <p class='ocr_par' dir='ltr' id='par_1_9' title="bbox 161 1956 1275 2355">
     <span class='ocr_line' id='line_1_15' title="bbox 161 1956 1275 2061; baseline 0.004 -42"><span class='ocrx_word' id='word_1_93' title='bbox 161 1956 251 2021; x_wconf 89' lang='lat' dir='ltr'>ldem</span> <span class='ocrx_word' id='word_1_94' title='bbox 275 1968 364 2039; x_wconf 90' lang='lat' dir='ltr'>poeta</span> <span class='ocrx_word' id='word_1_95' title='bbox 386 1959 443 2020; x_wconf 91' lang='lat' dir='ltr'>hoo</span> <span class='ocrx_word' id='word_1_96' title='bbox 463 1978 560 2040; x_wconf 78' lang='lat' dir='ltr'>genus</span> <span class='ocrx_word' id='word_1_97' title='bbox 579 1979 728 2023; x_wconf 84' lang='lat' dir='ltr'>versuum</span> <span class='ocrx_word' id='word_1_98' title='bbox 757 1963 849 2023; x_wconf 91' lang='lat' dir='ltr'>etiam</span> <span class='ocrx_word' id='word_1_99' title='bbox 871 1959 939 2023; x_wconf 86' lang='lat' dir='ltr'>aliis</span> <span class='ocrx_word' id='word_1_100' title='bbox 962 1963 1067 2025; x_wconf 83' lang='lat' dir='ltr'>metris</span> <span class='ocrx_word' id='word_1_101' title='bbox 1090 1963 1275 2061; x_wconf 68' lang='lat' dir='ltr'>miscuisse⁸</span> 
     </span>
     <span class='ocr_line' id='line_1_16' title="bbox 162 2060 1250 2144; baseline 0.002 -19"><span class='ocrx_word' id='word_1_102' title='bbox 162 2060 307 2142; x_wconf 83' lang='lat' dir='ltr'>videtur,</span> <span class='ocrx_word' id='word_1_103' title='bbox 334 2061 372 2123; x_wconf 91' lang='lat' dir='ltr'>de</span> <span class='ocrx_word' id='word_1_104' title='bbox 388 2081 449 2142; x_wconf 88' lang='lat' dir='ltr'>qua</span> <span class='ocrx_word' id='word_1_105' title='bbox 464 2083 498 2124; x_wconf 88' lang='lat' dir='ltr'>re</span> <span class='ocrx_word' id='word_1_106' title='bbox 513 2063 629 2126; x_wconf 88' lang='lat' dir='ltr'>ibidem</span> <span class='ocrx_word' id='word_1_107' title='bbox 644 2064 771 2127; x_wconf 88' lang='lat' dir='ltr'>dietum.</span> <span class='ocrx_word' id='word_1_108' title='bbox 806 2066 840 2124; x_wconf 92' lang='lat' dir='ltr'>ln</span> <span class='ocrx_word' id='word_1_109' title='bbox 861 2064 1023 2144; x_wconf 78' lang='lat' dir='ltr'>tragoediis</span> <span class='ocrx_word' id='word_1_110' title='bbox 1039 2065 1172 2129; x_wconf 86' lang='lat' dir='ltr'>Senecae</span> <span class='ocrx_word' id='word_1_111' title='bbox 1188 2064 1250 2127; x_wconf 88' lang='lat' dir='ltr'>ad-</span> 
     </span>
     <span class='ocr_line' id='line_1_17' title="bbox 164 2165 1245 2248; baseline 0.005 -22"><span class='ocrx_word' id='word_1_112' title='bbox 164 2165 287 2246; x_wconf 72' lang='lat' dir='ltr'>scriptis</span> <span class='ocrx_word' id='word_1_113' title='bbox 302 2184 394 2245; x_wconf 85' lang='lat' dir='ltr'>saepe</span> <span class='ocrx_word' id='word_1_114' title='bbox 409 2175 575 2246; x_wconf 84' lang='lat' dir='ltr'>systemata</span> <span class='ocrx_word' id='word_1_115' title='bbox 596 2186 636 2228; x_wconf 83' lang='lat' dir='ltr'>ex</span> <span class='ocrx_word' id='word_1_116' title='bbox 653 2165 790 2229; x_wconf 80' lang='lat' dir='ltr'>dimetria</span> <span class='ocrx_word' id='word_1_117' title='bbox 811 2169 1013 2247; x_wconf 81' lang='lat' dir='ltr'>anapaesticis</span> <span class='ocrx_word' id='word_1_118' title='bbox 1036 2169 1245 2248; x_wconf 81' lang='lat' dir='ltr'>inveniuntur,</span> 
     </span>
     <span class='ocr_line' id='line_1_18' title="bbox 168 2265 1249 2355; baseline 0.006 -26"><span class='ocrx_word' id='word_1_119' title='bbox 168 2265 221 2329; x_wconf 81' lang='lat' dir='ltr'>sed</span> <span class='ocrx_word' id='word_1_120' title='bbox 237 2269 371 2330; x_wconf 85' lang='lat' dir='ltr'>carentia</span> <span class='ocrx_word' id='word_1_121' title='bbox 382 2271 583 2352; x_wconf 78' lang='lat' dir='ltr'>paroemiam,</span> <span class='ocrx_word' id='word_1_122' title='bbox 603 2269 687 2351; x_wconf 92' lang='lat' dir='ltr'>quod</span> <span class='ocrx_word' id='word_1_123' title='bbox 702 2271 851 2351; x_wconf 79' lang='lat' dir='ltr'>insignem</span> <span class='ocrx_word' id='word_1_124' title='bbox 863 2272 1014 2335; x_wconf 88' lang='lat' dir='ltr'>inscitiam</span> <span class='ocrx_word' id='word_1_125' title='bbox 1030 2272 1157 2335; x_wconf 87' lang='lat' dir='ltr'>istorum</span> <span class='ocrx_word' id='word_1_126' title='bbox 1168 2292 1249 2355; x_wconf 89' lang='lat' dir='ltr'>poe-</span> 
     </span>
    </p>
   </div>
   <div class='ocr_carea' id='block_1_8' title="bbox 135 2373 392 2453">
    <p class='ocr_par' dir='ltr' id='par_1_10' title="bbox 135 2373 392 2453">
     <span class='ocr_line' id='line_1_19' title="bbox 135 2373 392 2453; baseline 0.004 -20"><span class='ocrx_word' id='word_1_127' title='bbox 135 2436 138 2441; x_wconf 65' lang='lat'>,</span> <span class='ocrx_word' id='word_1_128' title='bbox 164 2378 266 2433; x_wconf 84' lang='lat' dir='ltr'>tarum</span> <span class='ocrx_word' id='word_1_129' title='bbox 284 2373 392 2453; x_wconf 77' lang='lat' dir='ltr'>arguit.</span> 
     </span>
    </p>
   </div>
   <div class='ocr_carea' id='block_1_9' title="bbox 158 2606 1370 2797">
    <p class='ocr_par' dir='ltr' id='par_1_11' title="bbox 158 2606 1370 2797">
     <span class='ocr_line' id='line_1_20' title="bbox 249 2606 1370 2698; baseline -0.001 -19"><span class='ocrx_word' id='word_1_130' title='bbox 249 2609 366 2694; x_wconf 71' lang='lat'>§382</span> <span class='ocrx_word' id='word_1_131' title='bbox 392 2613 517 2677; x_wconf 86' lang='lat' dir='ltr'>Plautus</span> <span class='ocrx_word' id='word_1_132' title='bbox 540 2614 631 2678; x_wconf 90' lang='lat' dir='ltr'>etiam</span> <span class='ocrx_word' id='word_1_133' title='bbox 653 2615 828 2698; x_wconf 81' lang='lat' dir='ltr'>anapaestis</span> <span class='ocrx_word' id='word_1_134' title='bbox 851 2614 1025 2696; x_wconf 83' lang='lat' dir='ltr'>spondiacis</span> <span class='ocrx_word' id='word_1_135' title='bbox 1047 2634 1124 2679; x_wconf 88' lang='lat' dir='ltr'>usus</span> <span class='ocrx_word' id='word_1_136' title='bbox 1145 2618 1246 2679; x_wconf 88' lang='lat' dir='ltr'>estin</span> <span class='ocrx_word' id='word_1_137' title='bbox 1366 2606 1370 2615; x_wconf 58' lang='lat'><strong>¹</strong></span> 
     </span>
     <span class='ocr_line' id='line_1_21' title="bbox 158 2715 437 2797; baseline 0.007 -20"><span class='ocrx_word' id='word_1_138' title='bbox 158 2715 266 2777; x_wconf 83' lang='lat' dir='ltr'>Sticho</span> <span class='ocrx_word' id='word_1_139' title='bbox 281 2717 315 2777; x_wconf 91' lang='lat' dir='ltr'>ll.</span> <span class='ocrx_word' id='word_1_140' title='bbox 339 2721 365 2797; x_wconf 85' lang='lat' dir='ltr'>l,</span> <span class='ocrx_word' id='word_1_141' title='bbox 386 2719 437 2779; x_wconf 83' lang='lat'>37.</span> 
     </span>
    </p>
   </div>
   <div class='ocr_carea' id='block_1_10' title="bbox 149 2855 1318 4279">
    <p class='ocr_par' dir='ltr' id='par_1_12' title="bbox 149 2855 1318 4279">
     <span class='ocr_line' id='line_1_22' title="bbox 250 2855 796 2938; baseline 0.007 -22"><span class='ocrx_word' id='word_1_142' title='bbox 250 2855 364 2936; x_wconf 78' lang='lat' dir='ltr'>operito</span> <span class='ocrx_word' id='word_1_143' title='bbox 380 2862 469 2938; x_wconf 81' lang='lat' dir='ltr'>atque</span> <span class='ocrx_word' id='word_1_144' title='bbox 485 2859 696 2938; x_wconf 79' lang='lat' dir='ltr'>approperdte,</span> <span class='ocrx_word' id='word_1_145' title='bbox 714 2855 796 2936; x_wconf 80' lang='lat' dir='ltr'>fores</span> 
     </span>
     <span class='ocr_line' id='line_1_23' title="bbox 249 2955 840 3041; baseline 0.003 -21"><span class='ocrx_word' id='word_1_146' title='bbox 249 2955 342 3036; x_wconf 79' lang='lat' dir='ltr'>facito</span> <span class='ocrx_word' id='word_1_147' title='bbox 357 2956 390 3020; x_wconf 79' lang='lat' dir='ltr'>dt</span> <span class='ocrx_word' id='word_1_148' title='bbox 401 2966 536 3041; x_wconf 83' lang='lat' dir='ltr'>pateant,</span> <span class='ocrx_word' id='word_1_149' title='bbox 555 2963 700 3023; x_wconf 68' lang='lat' dir='ltr'>removete</span> <span class='ocrx_word' id='word_1_150' title='bbox 715 2978 840 3023; x_wconf 82' lang='lat' dir='ltr'>moram.</span> 
     </span>
     <span class='ocr_line' id='line_1_24' title="bbox 157 3062 812 3146; baseline 0.005 -24"><span class='ocrx_word' id='word_1_151' title='bbox 157 3072 161 3079; x_wconf 88' lang='grc'><strong>’</strong></span> <span class='ocrx_word' id='word_1_152' title='bbox 248 3064 338 3124; x_wconf 78' lang='lat' dir='ltr'>nimis</span> <span class='ocrx_word' id='word_1_153' title='bbox 352 3062 426 3124; x_wconf 79' lang='lat' dir='ltr'>lodo</span> <span class='ocrx_word' id='word_1_154' title='bbox 440 3080 489 3124; x_wconf 86' lang='lat' dir='ltr'>res</span> <span class='ocrx_word' id='word_1_155' title='bbox 504 3063 568 3124; x_wconf 78' lang='lat' dir='ltr'>sice</span> <span class='ocrx_word' id='word_1_156' title='bbox 584 3066 663 3125; x_wconf 82' lang='lat' dir='ltr'>cord</span> <span class='ocrx_word' id='word_1_157' title='bbox 677 3066 812 3146; x_wconf 76' lang='lat' dir='ltr'>peritur:</span> 
     </span>
     <span class='ocr_line' id='line_1_25' title="bbox 248 3164 868 3248; baseline 0.005 -22"><span class='ocrx_word' id='word_1_158' title='bbox 248 3165 319 3227; x_wconf 79' lang='lat' dir='ltr'>eido</span> <span class='ocrx_word' id='word_1_159' title='bbox 335 3167 427 3246; x_wconf 79' lang='lat' dir='ltr'>quom</span> <span class='ocrx_word' id='word_1_160' title='bbox 443 3164 559 3226; x_wconf 81' lang='lat' dir='ltr'>dudum</span> <span class='ocrx_word' id='word_1_161' title='bbox 574 3165 621 3228; x_wconf 73' lang='lat' dir='ltr'>liic</span> <span class='ocrx_word' id='word_1_162' title='bbox 636 3167 721 3229; x_wconf 76' lang='lat' dir='ltr'>adsto</span> <span class='ocrx_word' id='word_1_163' title='bbox 737 3170 764 3229; x_wconf 79' lang='lat' dir='ltr'>tt</span> <span class='ocrx_word' id='word_1_164' title='bbox 775 3167 868 3248; x_wconf 86' lang='lat' dir='ltr'>polto.</span> 
     </span>
     <span class='ocr_line' id='line_1_26' title="bbox 248 3269 815 3352; baseline 0.004 -22"><span class='ocrx_word' id='word_1_165' title='bbox 248 3270 387 3331; x_wconf 74' lang='lat' dir='ltr'>somnone</span> <span class='ocrx_word' id='word_1_166' title='bbox 401 3287 524 3350; x_wconf 85' lang='lat' dir='ltr'>operam</span> <span class='ocrx_word' id='word_1_167' title='bbox 539 3269 642 3332; x_wconf 63' lang='lat' dir='ltr'>dotto?</span> <span class='ocrx_word' id='word_1_168' title='bbox 656 3272 815 3352; x_wconf 72' lang='lat' dir='ltr'>toperiar,</span> 
     </span>
     <span class='ocr_line' id='line_1_27' title="bbox 248 3370 907 3466; baseline 0.002 -33"><span class='ocrx_word' id='word_1_169' title='bbox 248 3370 342 3466; x_wconf 41' lang='lat' dir='ltr'>fore-a,</span> <span class='ocrx_word' id='word_1_170' title='bbox 361 3373 401 3434; x_wconf 84' lang='lat' dir='ltr'>do</span> <span class='ocrx_word' id='word_1_171' title='bbox 416 3371 517 3452; x_wconf 79' lang='lat' dir='ltr'>cubiti,</span> <span class='ocrx_word' id='word_1_172' title='bbox 536 3391 576 3434; x_wconf 83' lang='lat' dir='ltr'>on</span> <span class='ocrx_word' id='word_1_173' title='bbox 591 3372 679 3454; x_wconf 83' lang='lat' dir='ltr'>podes</span> <span class='ocrx_word' id='word_1_174' title='bbox 690 3371 760 3455; x_wconf 77' lang='lat' dir='ltr'>pits</span> <span class='ocrx_word' id='word_1_175' title='bbox 775 3373 907 3436; x_wconf 73' lang='lat' dir='ltr'>valeam.</span> 
     </span>
     <span class='ocr_line' id='line_1_28' title="bbox 149 3453 921 3558; baseline 0.004 -23"><span class='ocrx_word' id='word_1_176' title='bbox 149 3489 152 3497; x_wconf 91' lang='lat'>·</span> <span class='ocrx_word' id='word_1_177' title='bbox 248 3476 339 3537; x_wconf 77' lang='lat' dir='ltr'>nimia</span> <span class='ocrx_word' id='word_1_178' title='bbox 352 3475 456 3538; x_wconf 72' lang='lat' dir='ltr'>vellem</span> <span class='ocrx_word' id='word_1_179' title='bbox 471 3475 528 3537; x_wconf 75' lang='lat' dir='ltr'>lace</span> <span class='ocrx_word' id='word_1_180' title='bbox 543 3473 627 3554; x_wconf 81' lang='lat' dir='ltr'>fores</span> <span class='ocrx_word' id='word_1_181' title='bbox 641 3453 753 3555; x_wconf 57' lang='lat' dir='ltr'>‘terunt</span> <span class='ocrx_word' id='word_1_182' title='bbox 764 3473 921 3558; x_wconf 78' lang='lat' dir='ltr'>sdpiasoot,</span> 
     </span>
     <span class='ocr_line' id='line_1_29' title="bbox 249 3516 1318 3671; baseline 0.002 -31"><span class='ocrx_word' id='word_1_183' title='bbox 249 3597 287 3640; x_wconf 86' lang='lat' dir='ltr'>eo</span> <span class='ocrx_word' id='word_1_184' title='bbox 301 3545 412 3641; x_wconf 55' lang='lat' dir='ltr'>c‘odasc</span> <span class='ocrx_word' id='word_1_185' title='bbox 425 3584 460 3640; x_wconf 83' lang='lat' dir='ltr'>ut</span> <span class='ocrx_word' id='word_1_186' title='bbox 474 3542 747 3671; x_wconf 36' lang='lat' dir='ltr'>laboraret-{odium</span> <span class='ocrx_word' id='word_1_187' title='bbox 762 3597 915 3662; x_wconf 77' lang='lat' dir='ltr'>mopouot.</span> <span class='ocrx_word' id='word_1_188' title='bbox 1128 3552 1165 3621; x_wconf 59' lang='lat' dir='ltr'>(d</span> <span class='ocrx_word' id='word_1_189' title='bbox 1180 3516 1318 3635; x_wconf 46' lang='lat' dir='ltr'>mmd-</span> 
     </span>
     <span class='ocr_line' id='line_1_30' title="bbox 223 3680 681 3763; baseline -0.004 -17"><span class='ocrx_word' id='word_1_190' title='bbox 223 3740 227 3746; x_wconf 86' lang='lat'>.</span> <span class='ocrx_word' id='word_1_191' title='bbox 291 3680 429 3762; x_wconf 76' lang='lat' dir='ltr'>doftasos</span> <span class='ocrx_word' id='word_1_192' title='bbox 444 3699 511 3745; x_wconf 83' lang='lat' dir='ltr'>som</span> <span class='ocrx_word' id='word_1_193' title='bbox 521 3680 681 3763; x_wconf 81' lang='lat' dir='ltr'>poltdcdo.</span> 
     </span>
     <span class='ocr_line' id='line_1_31' title="bbox 292 3784 799 3868; baseline 0 -22"><span class='ocrx_word' id='word_1_194' title='bbox 292 3803 370 3846; x_wconf 81' lang='lat' dir='ltr'>noco</span> <span class='ocrx_word' id='word_1_195' title='bbox 384 3785 438 3847; x_wconf 80' lang='lat' dir='ltr'>hdo</span> <span class='ocrx_word' id='word_1_196' title='bbox 448 3792 634 3868; x_wconf 83' lang='lat' dir='ltr'>postremum</span> <span class='ocrx_word' id='word_1_197' title='bbox 650 3792 693 3848; x_wconf 87' lang='lat' dir='ltr'>est</span> <span class='ocrx_word' id='word_1_198' title='bbox 707 3784 799 3847; x_wconf 80' lang='lat' dir='ltr'>vobis.</span> 
     </span>
     <span class='ocr_line' id='line_1_32' title="bbox 295 3887 802 3971; baseline 0 -22"><span class='ocrx_word' id='word_1_199' title='bbox 295 3888 328 3949; x_wconf 87' lang='lat' dir='ltr'>G.</span> <span class='ocrx_word' id='word_1_200' title='bbox 348 3887 396 3950; x_wconf 83' lang='lat' dir='ltr'>ibo</span> <span class='ocrx_word' id='word_1_201' title='bbox 411 3891 501 3971; x_wconf 82' lang='lat' dir='ltr'>dtqoe</span> <span class='ocrx_word' id='word_1_202' title='bbox 516 3889 595 3952; x_wconf 77' lang='lat' dir='ltr'>hooc</span> <span class='ocrx_word' id='word_1_203' title='bbox 610 3887 802 3969; x_wconf 70' lang='lat' dir='ltr'>compellatio.</span> 
     </span>
     <span class='ocr_line' id='line_1_33' title="bbox 293 3992 733 4055; baseline 0 -1"><span class='ocrx_word' id='word_1_204' title='bbox 293 3993 394 4054; x_wconf 76' lang='lat' dir='ltr'>toleta</span> <span class='ocrx_word' id='word_1_205' title='bbox 408 3992 461 4054; x_wconf 85' lang='lat' dir='ltr'>sis.</span> <span class='ocrx_word' id='word_1_206' title='bbox 495 3993 532 4053; x_wconf 86' lang='lat' dir='ltr'>D.</span> <span class='ocrx_word' id='word_1_207' title='bbox 551 4000 579 4054; x_wconf 83' lang='lat' dir='ltr'>et</span> <span class='ocrx_word' id='word_1_208' title='bbox 594 3999 626 4054; x_wconf 87' lang='lat' dir='ltr'>to</span> <span class='ocrx_word' id='word_1_209' title='bbox 638 3992 733 4055; x_wconf 77' lang='lat' dir='ltr'>soloe.</span> 
     </span>
     <span class='ocr_line' id='line_1_34' title="bbox 296 4093 756 4177; baseline -0.004 -21"><span class='ocrx_word' id='word_1_210' title='bbox 296 4097 330 4156; x_wconf 85' lang='lat' dir='ltr'>G.</span> <span class='ocrx_word' id='word_1_211' title='bbox 349 4097 411 4158; x_wconf 78' lang='lat' dir='ltr'>iam</span> <span class='ocrx_word' id='word_1_212' title='bbox 426 4093 459 4157; x_wconf 77' lang='lat' dir='ltr'>tsi</span> <span class='ocrx_word' id='word_1_213' title='bbox 469 4097 606 4177; x_wconf 79' lang='lat' dir='ltr'>piscator</span> <span class='ocrx_word' id='word_1_214' title='bbox 619 4093 756 4176; x_wconf 73' lang='lat' dir='ltr'>[dctu’si</span> 
     </span>
     <span class='ocr_line' id='line_1_35' title="bbox 297 4195 776 4279; baseline 0.006 -21"><span class='ocrx_word' id='word_1_215' title='bbox 297 4199 333 4258; x_wconf 81' lang='lat' dir='ltr'>l).</span> <span class='ocrx_word' id='word_1_216' title='bbox 353 4216 445 4279; x_wconf 82' lang='lat' dir='ltr'>quom</span> <span class='ocrx_word' id='word_1_217' title='bbox 459 4198 579 4279; x_wconf 82' lang='lat' dir='ltr'>pridem</span> <span class='ocrx_word' id='word_1_218' title='bbox 593 4218 652 4259; x_wconf 81' lang='lat' dir='ltr'>ooo</span> <span class='ocrx_word' id='word_1_219' title='bbox 668 4195 753 4259; x_wconf 79' lang='lat' dir='ltr'>edlstt&#39;</span> <span class='ocrx_word' id='word_1_220' title='bbox 761 4199 776 4261; x_wconf 78' lang='lat' dir='ltr'>l</span> 
     </span>
    </p>
   </div>
   <div class='ocr_carea' id='block_1_11' title="bbox 0 0 1413 4912">
    <p class='ocr_par' dir='ltr' id='par_1_13' title="bbox 0 0 1413 4912">
     <span class='ocr_line' id='line_1_36' title="bbox 0 0 1413 4912; baseline 0 0"><span class='ocrx_word' id='word_1_221' title='bbox 0 0 1413 4912; x_wconf 95' lang='lat' dir='ltr'> </span> 
     </span>
    </p>
   </div>
  </div>
 </body>
</html>
