2804 4912
193 302 233 364 12
613 321 669 362 ιιι.
690 321 710 363 1.
735 321 799 362 cnr.
818 320 844 360 v.

275 470 369 556 533.
402 472 553 551 Anceps
569 492 723 551 mensura,
748 475 814 534 sive
829 463 1026 559 ἀδιάφορος,
1051 474 1172 551 dicitur,
1191 492 1276 553 quae

191 578 266 639 nihil
282 579 408 638 interest
423 577 512 656 longa
527 596 566 637 au
582 576 685 637 brevis
700 578 755 638 sit:
779 575 818 639 de
834 594 894 656 qua
911 575 1029 639 dicetur
1044 577 1132 638 inira.
1165 578 1276 638 lrra-
1308 655 1312 661 ι

191 681 354 742 tionalis
381 699 541 757 mensura,
571 681 636 740 sivo
657 668 792 760 ἄλογος,
823 699 857 740 ea
879 689 1020 758 vocatur,
1048 698 1127 760 quae
1150 679 1277 741 brevior

191 784 294 863 longa:
320 783 433 863 longior
448 783 534 843 brevi
550 792 605 844 est.
639 781 828 863 Argutantur
841 784 873 843 in
889 784 945 844 hac
959 782 1109 844 Aristides
1129 801 1159 861 p.
1183 785 1222 843 45
1244 791 1279 843 et

191 888 368 948 scholiastes
384 886 614 967 Hephaestionis
631 906 661 964 p.
678 889 728 946 78.
766 888 862 946 Vsum
878 906 913 947 ea
929 886 1023 948 habet
1037 888 1068 947 in
1084 884 1276 964 quibusdam

190 991 328 1051 numeris
344 989 510 1068 dactylicis
530 998 596 1050 turn
611 991 643 1050 in
658 991 841 1050 comicorum
858 989 968 1051 iambis
983 990 1203 1068 trochaeisque.

578 1215 882 1222 ———-—-——

639 1390 752 1460 oaP.
770 1392 819 1460 V.
858 1427 861 1433 f

361 1543 419 1612 De
446 1543 773 1636 permutatione
800 1565 1087 1614 numerorum.

275 1713 298 1794 5
313 1710 367 1776 34.
394 1714 519 1774 Numeri
535 1722 642 1774 natura
658 1732 714 1775 sua
730 1712 937 1774 immutabiles
952 1722 1034 1774 suut.
1061 1715 1127 1774 Non
1142 1726 1278 1792 possunt

91 1896 94 1900 Ι
189 1819 271 1878 enim
294 1835 434 1877 caussam
458 1816 489 1876 in
511 1835 545 1876 se
566 1818 735 1894 continere,
766 1835 861 1895 quare
877 1817 976 1877 'etiam
998 1817 1048 1877 alii
1070 1817 1145 1894 sint,
1177 1835 1275 1896 quam

189 1929 272 1981 sunt.
310 1918 399 1992 Quod
424 1921 450 1980 si
472 1928 688 1998 permutantur
713 1918 839 1999 quidam
864 1922 999 1999 numeri,
1029 1919 1154 1980 arbitrio
1180 1919 1214 1980 id
1240 1923 1277 1982 lit

190 2023 342 2084 utentium
363 2023 515 2100 numeris,
540 2021 596 2083 sed
617 2044 653 2083 eo
674 2022 814 2084 idoneam
835 2023 982 2084 rationem
1004 2032 1117 2085 secuto.
1149 2026 1228 2085 Nam
1243 2035 1277 2087 et

189 2144 305 2205 pares
327 2143 395 2187 esse
417 2124 548 2203 debent,
575 2127 629 2204 qui
649 2135 866 2206 permutantur
886 2127 1021 2205 numeri,
1046 2128 1065 2186 i.
1085 2147 1112 2188 e.
1131 2127 1274 2189 eiusdem

190 2247 368 2304 mensurae;
395 2238 426 2289 et
440 2227 603 2307 similes,
630 2230 650 2290 i.
669 2249 696 2290 e.
717 2230 771 2309 qui
786 2228 903 2290 modica
919 2247 990 2290 oum
1006 2231 1173 2291 variatione
1188 2231 1275 2292 idem

189 2332 309 2393 allicere
325 2330 497 2393 videantur.

274 2534 367 2618 535.
399 2539 614 2601 Permutantur
632 2543 751 2601 numeri
767 2541 815 2601 his
831 2539 938 2602 modis.
964 2541 1063 2602 Primo
1081 2559 1146 2621 per
1161 2559 1274 2603 rece-

189 2643 363 2723 ptionem
384 2652 607 2721 temporum
629 2643 943 2706 irrationalium.
970 2642 1004 2704 ld
1019 2643 1143 2705 videtur
1157 2644 1224 2705 lieri
1240 2647 1273 2707 in

189 2746 326 2807 numeris
342 2745 529 2824 quibusdam
545 2747 713 2826 trochaicis,
729 2745 913 2826 disyllabam
929 2748 1030 2809 thesin
1041 2748 1090 2808 vel
1106 2750 1273 2810 anaorusin

189 2868 243 2929 pro
256 2849 463 2927 monosyllaba
475 2848 721 2930 admittentibus,
736 2851 843 2930 quales
858 2852 1075 2915 sunttrimetri
1087 2853 1274 2914 comicorum
1301 2923 1305 2932 ¹

189 2953 390 3028 Graecorum;
418 2953 609 3032 Latinorum,
635 2956 842 3034 antiquiorum
865 2953 1006 3034 quidem,
1033 2973 1139 3015 omnes
1162 2974 1274 3020 versus

188 3055 333 3117 trochaici
349 3064 442 3134 atque
457 3056 594 3118 iambici:
621 3058 653 3118 in
674 3057 788 3137 quibus
807 3057 949 3137 dactylus
969 3067 1001 3120 et
1014 3068 1200 3138 anapaestus
1215 3077 1274 3137 pro

189 3159 329 3219 trochaeo
351 3167 382 3219 et
402 3159 504 3219 iambo
526 3161 631 3240 positi,
657 3159 736 3222 duas
756 3160 868 3222 breves
889 3161 1025 3240 syllabas
1046 3162 1273 3242 propemodum

188 3262 242 3324 uni
259 3261 357 3340 brevi,
376 3280 455 3341 quae
471 3263 551 3324 iusta
567 3282 711 3326 mensura
727 3266 776 3344 sit,
787 3283 885 3344 ¹pares
901 3263 1023 3326 habent.

274 3464 366 3548 §aa
404 3469 545 3532 Secundo
569 3489 642 3550 per
667 3472 907 3533 solutionem
934 3491 1070 3533 arseos
1097 3473 1144 3533 vel
1172 3492 1273 3535 con-

188 3573 427 3633 tractionem
451 3573 627 3652 theseos,
654 3594 785 3654 quorum
802 3575 932 3635 altarum
948 3577 979 3635 in
995 3576 1166 3653 trochaicis,
1186 3576 1271 3638 alte-

189 3694 258 3736 rum
273 3677 304 3735 in
320 3674 479 3755 dactylicis
494 3679 631 3740 numeris
647 3679 712 3739 lieri
728 3679 821 3740 solet:

273 3777 322 3824 ,ἐν
476 3777 550 3826 Lw

273 3884 349 3928 *law

273 4086 365 4169 537.
401 4092 500 4150 Tertio
521 4110 589 4169 per
609 4092 847 4153 solutionem
868 4110 999 4152 arseos
1021 4093 1269 4153 coniunctam

187 4210 272 4253 curn
297 4191 457 4254 theseos
483 4196 771 4256 contractione.
808 4195 898 4268 Quod
924 4196 958 4256 lit
984 4197 1016 4255 in
1038 4193 1196 4274 dactylicis
1218 4196 1266 4276 iis,
