2804 4912
312 310 349 351 ne
366 307 505 351 srnorms
523 307 603 349 euim
619 307 653 347 nr
671 306 790 347 saevam
807 305 936 347 cananis.
1107 287 1169 349 215

167 457 285 542 3590.
322 462 473 534 Quoniam
494 470 525 522 et
546 479 656 522 versus
678 460 736 539 ipsi
758 460 867 520 harum
891 460 1083 539 stropharum
1107 479 1168 522 non

74 567 163 645 longi
180 573 263 643 sunt,
279 571 310 624 et
324 563 452 646 proinde
467 565 560 625 oratio
575 564 759 644 plerumque
775 563 889 624 arctius
906 564 1047 642 coniungi
1063 563 1168 641 plures

77 686 193 730 versus
209 668 354 746 postulat,
374 686 443 729 raro
459 668 535 729 finos
550 677 581 729 et
596 668 681 728 initia
696 684 807 729 versus
822 665 908 748 apud
921 667 1080 728 Horatium
1095 666 1168 727 hia-
1193 721 1196 725 ,

77 783 150 834 tum
165 770 293 850 iaciunt,
312 781 348 834 ut
362 773 397 832 11.
420 774 469 851 ta,
491 773 520 832 7.

332 917 361 971 et
372 908 542 990 penetralia

168 1013 315 1095 sparsisse
329 1020 474 1074 nocturno
490 1030 600 1073 cruore

214 1117 348 1196 hospitis,

79 1256 137 1317 ubi
154 1253 238 1316 haud
252 1254 356 1335 paullo
371 1254 542 1334 elegantius
558 1253 731 1332 scripsisset
755 1262 782 1313 et
802 1251 1005 1333 penetralibus
1020 1255 1169 1333 sparsisse

78 1365 243 1419 nocturnos
265 1374 388 1418 cruores
410 1355 550 1436 bospitis‚·
573 1354 628 1417 sed
651 1357 759 1418 tertius
782 1367 813 1417 et
835 1365 965 1438 quartas
980 1374 1091 1418 versus
1113 1374 1169 1434 per

79 1461 240 1523 elisionem
262 1462 381 1539 potius,
407 1457 511 1521 Alcaei
534 1460 692 1540 enemlpa,
719 1478 953 1541 nonnumquam
971 1460 1166 1542 copulantur,

81 1573 118 1626 ui
139 1564 174 1624 11.
196 1569 225 1642 a,
245 1567 296 1625 er.
322 1565 370 1625 111.
392 1563 441 1642 eo,
463 1565 513 1625 aa.

169 1720 234 1763 sors
250 1703 387 1778 enitare,
407 1708 435 1762 et
448 1720 502 1763 nos
517 1702 548 1762 in
563 1707 719 1762 oeterman

212 1806 354 1867 eecslliuni
371 1806 548 1887 inpositura
566 1804 701 1883 cymbae.

169 1927 236 1969 curn
248 1927 325 1989 poce
341 1907 504 1971 delabentis
520 1910 683 1970 Etruscum

213 2013 244 2072 in
258 2031 353 2089 inore,
372 2030 453 2073 nnnc
469 2010 583 2091 lapides
598 2010 714 2072 adesos.

77 2151 223 2210 Vltimam
242 2168 313 2209 vero
329 2150 471 2228 strophae
487 2147 639 2226 syllabam
656 2150 687 2207 in
702 2150 832 2226 primam
848 2151 1007 2228 sequentis
1023 2149 1165 2227 strophae

78 2273 142 2314 non
165 2262 247 2314 reete
263 2254 333 2331 quis
348 2251 458 2329 elidat,
485 2252 543 2313 nisi
560 2251 652 2312 verba
677 2253 845 2313 arctissime
862 2254 1053 2314 cohaereant.
1087 2253 1162 2313 Nam

79 2358 115 2417 ll.
139 2359 189 2435 t3,
213 2355 242 2416 7.

211 2494 354 2574 hospitis:
373 2493 422 2554 ille
438 2513 554 2555 venena
571 2493 717 2567 Colchico,

159 2606 195 2669 *et
209 2597 356 2679 prticipant
370 2616 499 2678 respuam
516 2599 683 2678 concipitur
697 2597 792 2678 nefas,

80 2745 164 2797 recte
180 2736 311 2796 correxit
330 2734 492 2812 entleius,
515 2734 623 2805 Coloba
639 2735 788 2795 scribens,

167 2994 190 3074 ἓ
205 2991 282 3058 591.
317 2995 471 3070 Ceterum,
498 2995 575 3053 utin
592 2995 673 3054 omni
688 3012 799 3071 genere
815 3013 974 3071 versuum,
994 2991 1165 3054 curandum

79 3109 116 3160 ut
140 3107 171 3158 et
197 3097 316 3176 durior,
347 3107 379 3157 et
404 3099 495 3157 nimis
522 3096 633 3157 debilis
661 3096 823 3156 verborum
851 3095 1005 3157 collocatio
1032 3097 1162 3171 vitatum

78 3201 203 3279 durior,
229 3209 265 3261 ut
285 3201 311 3260 si
334 3202 364 3260 in
389 3220 451 3260 uno
473 3220 511 3260 ex
534 3201 642 3279 primis
666 3199 788 3261 duobus
804 3199 948 3261 versibus
971 3219 1031 3260 vox
1055 3218 1166 3260 mono-

80 3304 199 3384 syllabo
217 3305 248 3363 in
264 3321 390 3365 caesura
407 3312 470 3364 est:
495 3304 542 3363 ΙΙΙ.
563 3305 614 3382 29,
635 3303 684 3364 27.

167 3462 225 3504 non
240 3449 285 3503 est
299 3460 406 3519 uicum,
426 3441 454 3500 si
468 3442 583 3522 inopini
598 3437 712 3520 Africis
720 3463 729 3518 ;

79 3583 171 3642 nimis
191 3579 323 3657 debilis,
350 3587 385 3639 ut
407 3579 432 3638 si
454 3579 523 3656 quis
546 3580 578 3638 in
598 3580 706 3641 ultimo
723 3598 815 3640 versu
838 3577 901 3640 duo
922 3579 1015 3640 verba
1040 3578 1166 3656 amphi-

79 3683 228 3745 brachum
246 3682 424 3762 praebentia
440 3690 547 3761 ponat:

167 3842 222 3882 ore
238 3840 344 3883 carere
360 3839 468 3882 eruore
483 3828 594 3881 nostro.

166 4076 280 4159 §592
315 4080 415 4140 Tertia
438 4088 485 4141 est
501 4080 640 4158 stropha,
667 4097 746 4156 (puae
763 4077 845 4158 apud
861 4079 941 4140 solos
957 4079 1089 4140 Graecos
1112 4081 1165 4138 in-

76 4186 218 4265 venitur,
245 4193 280 4248 ut
302 4183 407 4246 multis
429 4185 461 4245 in
484 4183 584 4247 scoliis
599 4180 684 4262 apud
699 4180 891 4244 Athenaeum
907 4185 970 4244 XV.
990 4200 1020 4261 p.
1042 4184 1113 4243 694.
1133 4190 1164 4242 et
