2804 4912
156 333 218 394 224
258 402 261 407 ,
290 343 293 349 ’
542 348 598 393 nu.
618 350 663 392 rn.
689 349 752 392 car.
771 348 852 392 xnu.

153 505 271 580 facilius
294 505 324 564 in
348 502 427 565 dua‘s
448 513 552 584 partes
575 502 703 564 distrahi
725 513 841 584 potest,
870 501 1060 563 admittatur.
1093 499 1231 567 lind&

153 608 200 668 Ol.
223 608 297 669 XlV.

239 716 348 788 πότνι’
372 721 519 809 Ἀγλαΐα,
545 718 681 812 φιλησί-

239 824 352 910 μολπέ
373 820 400 892 τ’
424 821 637 917 Εὐφροσύνα,
660 832 751 894 θεῶν
772 822 961 913 κρατίστου.

239 1034 355 1117 ξθθῖ.
387 1039 553 1118 Diligenter
567 1039 658 1100 etiam
680 1036 902 1100 attendendum
926 1045 975 1099 est
994 1036 1035 1099 ad
1053 1035 1247 1115 syllabam

152 1142 307 1203 brevem
338 1143 375 1202 in
405 1140 481 1202 line
512 1159 648 1203 versus
677 1143 850 1220 positam.
897 1142 973 1202 Nam
1005 1159 1102 1220 quum
1130 1139 1236 1207 ultim

153 1264 298 1307 versuum
316 1244 434 1324 syllaba
451 1245 541 1307 etiam
562 1245 622 1323 ihi,
650 1243 704 1305 uhi
720 1255 829 1306 natura
846 1244 952 1305 brevis
967 1252 1030 1324 est,
1055 1243 1149 1304 multo
1169 1263 1230 1307 sae-

153 1351 223 1428 pius
247 1348 352 1427 longa,
383 1366 477 1427 quam
500 1348 604 1409 brevis
627 1367 695 1408 esse
721 1349 833 1427 soleat,
863 1346 903 1408 de
926 1366 987 1427 qua
1011 1366 1044 1407 re
1065 1346 1223 1407 ‹lic-tumn

102 1516 108 1523 ,
153 1450 281 1532 praelat.
300 1450 339 1512 ad
361 1452 491 1530 Orphica
513 1472 543 1533 p.
564 1454 608 1530 9,,
635 1452 814 1530 saepissime
837 1450 942 1510 brevis
958 1449 1078 1529 syllaba
1094 1447 1220 1509 indicium

153 1564 200 1616 cst
215 1555 335 1615 numeri
351 1554 493 1616 nondum
507 1555 597 1632 liniti,
623 1553 678 1614 sed
696 1555 814 1634 longius
829 1553 1065 1634 progredientis.
1097 1553 1185 1624 Quare
1197 1547 1220 1608 si

153 1658 223 1737 quis
240 1677 349 1718 versus
365 1676 463 1737 aequo
487 1658 517 1716 in
537 1658 662 1737 stropha
685 1665 778 1737 atque
798 1659 829 1719 in
852 1657 1042 1736 antistropha
1063 1656 1143 1717 brevi
1159 1651 1221 1731 syl-

155 1760 222 1822 laba
247 1761 367 1840 huitur,
394 1762 578 1840 plerumque
599 1762 811 1823 continuatum
835 1780 905 1822 cum
929 1760 1129 1840 sequentihus
1143 1753 1222 1818 vide-
1258 1830 1260 1861 Ι

155 1884 224 1925 mus
244 1883 424 1944 numerum,
451 1883 507 1924 nec
529 1864 622 1924 linem
645 1883 755 1926 versus
778 1884 813 1925 eo
836 1864 900 1925 loco
916 1864 1061 1924 constitui
1081 1879 1159 1942 posse
1170 1859 1222 1916 in‘
1257 1864 1260 1933 ξ

154 1968 334 2047 telligimus,
360 1966 453 2047 idque
473 1977 557 2030 tanto
572 1969 702 2047 certius,
729 1987 791 2048 quo
812 1967 917 2047 plures
933 1975 1007 2029 sunt
1021 1966 1164 2046 strophae,
1187 1961 1222 2016 ul
1257 1970 1260 2035 ,

155 2070 240 2150 apud
255 2070 430 2132 Pindarum.

239 2257 356 2339 §608
383 2264 447 2322 Non
465 2271 637 2341 repugnant
653 2270 756 2322 autem
772 2262 845 2323 huic
860 2260 1066 2321 observationi
1081 2261 1100 2320 ii
1116 2267 1212 2321 versus,

154 2365 206 2442 qui
228 2365 404 2441 systematis
425 2365 636 2443 comprehensi
662 2366 694 2425 in
715 2365 842 2427 brevem
869 2356 1022 2443 syllabam
1046 2369 1163 2438 exeunt,
1185 2357 1213 2412 1¹²
1244 2418 1247 2423 .

154 2466 275 2527 dimetri
293 2465 451 2546 dactylici,
476 2467 531 2528 sed
551 2469 654 2548 potius
675 2468 857 2528 confirmant
876 2487 955 2529 eam.
990 2468 1108 2528 Etenim
1123 2465 1209 2525 hitor-

154 2570 311 2630 minantur
332 2569 457 2649 quidem
477 2570 564 2632 brevi
587 2571 722 2651 syllaba,
749 2570 805 2632 sed
820 2572 899 2631 hanc
914 2572 1013 2650 ipsam
1029 2570 1204 2631 obmussant

154 2675 225 2752 quia
249 2675 370 2734 numeri
397 2693 502 2736 eorum
530 2693 601 2736 cum
627 2676 823 2755 sequentium
847 2692 996 2736 versuum
1019 2672 1148 2735 numeris
1163 2679 1204 2727 ull

135 2843 138 2848 A
153 2777 357 2856 perpetuitate
372 2776 544 2840 cohaerent.

239 2982 363 3064 §60st
411 2985 621 3047 Certissimum
649 2986 775 3048 liniendi
802 3005 912 3049 versus
938 2985 1087 3047 indicium
1112 2976 1207 3064 praebel

154 3088 307 3166 syllaba
346 3089 672 3150 continuationem
710 3091 856 3152 numeri
894 3087 1124 3168 impediens,
1157 3080 1207 3162 quil

155 3193 228 3251 haec
250 3211 313 3252 uno
335 3211 464 3253 numero
487 3193 572 3254 linito
594 3193 687 3254 aliurn
715 3194 847 3274 incipere
874 3191 1018 3253 ostendit.
1056 3193 1111 3253 Est
1133 3194 1208 3250 aulem

153 3294 273 3372 syllaba
303 3295 561 3356 continuationem
592 3315 755 3358 mensurae
785 3294 958 3374 impediens
988 3313 1040 3374 ea,
1077 3311 1151 3374 quac
1173 3291 1211 3348 all

153 3399 306 3458 hiatum
326 3396 428 3477 habet,
448 3406 502 3458 aut
518 3417 745 3461 mensuram
760 3399 989 3476 ancipitem.
1024 3397 1212 3459 Sedetmen·

153 3521 242 3562 suras
258 3502 404 3578 ancipites
420 3511 451 3562 et
466 3501 567 3562 hiatus
583 3501 795 3563 tantummodo
811 3520 863 3562 eos
879 3501 1005 3581 intelligi
1022 3509 1156 3582 apertum
1168 3501 1210 3568 etl.
1257 3506 1260 3559 ἑ

153 3606 207 3683 qui
222 3607 253 3664 in
266 3622 390 3685 quoque
406 3624 517 3684 genere
532 3605 626 3665 illiciti
642 3605 806 3684 habentur,
823 3603 862 3665 de
873 3623 935 3684 qua
951 3605 1032 3665 rein
1048 3603 1125 3666 libro
1138 3600 1214 3683 ptiffll

154 3709 229 3769 etin
246 3708 436 3787 singulorum
454 3718 619 3769 metrorum
636 3708 837 3788 explicatione
853 3707 970 3770 dictum
987 3717 1043 3770 est.

239 3913 354 3996 5610.
392 3915 573 3980 Cavendum
596 3935 685 3996 voro,
712 3935 768 3995 ne,
795 3935 876 3996 quae
897 3914 952 3978 diu
973 3915 1107 3979 obtinuit
1124 3909 1215 3996 opinio,

155 4021 298 4100 quoniam
331 4019 437 4080 ultima
468 4039 578 4081 versus
609 4021 760 4099 cuiusque
790 4018 909 4098 syllaba
940 4039 1054 4101 anceps
1085 4025 1216 4088 censetur,

153 4126 245 4184 etiam
268 4122 385 4185 uredias
407 4124 627 4185 vocabulorum
651 4123 786 4203 syllabas
812 4132 958 4203 putemus
985 4125 1132 4204 ancipites
1154 4135 1217 4191 esse,

154 4229 179 4287 si
195 4229 315 4288 suntin
331 4228 390 4287 arsi
399 4273 406 4305 ,
434 4238 487 4289 aut
506 4229 532 4288 si
549 4229 579 4287 in
600 4229 678 4288 thesi
694 4228 752 4287 alia
768 4245 862 4306 quam
879 4227 1030 4288 trochaica
1046 4228 1095 4289 vel
1111 4217 1221 4305 spondei

260 4314 269 4337 0
