2804 4912
498 122 534 163 ns
550 123 637 165 vaasv
653 122 805 165 sirvauic.
1135 105 1192 166 tat

136 272 168 334 d
188 283 216 334 et
230 293 390 336 caesuram
405 293 499 354 saepe
515 276 719 353 neglexerunt
734 274 827 335 rudes
843 276 892 335 isti
907 283 1033 355 poetae,
1059 284 1091 336 et
1110 277 1192 336 omni

136 394 217 438 nera
231 378 418 440 solutionum
436 378 483 439 usi
501 387 590 456 sunt,
617 389 653 438 ut
674 378 751 440 adeo
771 379 934 458 ancipitem
955 379 986 438 in
1010 379 1069 439 line
1084 381 1194 458 prioris

136 481 239 542 ambri
255 484 428 559 solverent;
455 481 548 542 iidem
572 500 626 561 pro
643 500 726 542 more
742 482 860 560 antiqui
876 483 1025 542 sermonis
1041 482 1195 561 spondeos

144 586 299 649 omnibus
322 587 396 647 locis
418 584 566 645 tulerunt.
600 585 681 656 Quin
701 586 856 646 veterrimi
876 586 950 646 satis
971 585 1118 647 habuisse
1141 587 1194 647 vi-

138 701 240 771 ntur,
266 692 292 751 si
314 707 425 752 versus
446 689 548 767 aliquo
569 689 660 750 modo
679 689 729 749 his
753 691 890 750 numeris
912 690 1028 750 similes
1050 708 1118 750 esse
1142 690 1194 750 vi-

136 802 265 854 rentur.
292 795 368 854 Nam
390 790 475 873 apud
495 810 601 853 omnes
622 802 729 872 gentes
750 793 833 853 initia
848 793 951 872 poesis
967 793 1037 854 talia
1054 793 1190 868 luerunt,

136 897 209 957 alia
230 897 345 976 ubique
370 897 538 958 etiamnum
554 896 595 957 ab
617 896 794 957 hominibus
817 897 946 958 rudibus
962 905 1055 977 atque
1071 896 1193 957 incultis

136 1000 249 1078 inponi
270 999 423 1062 videmus.
464 1001 665 1060 Pronuntiant
690 999 732 1059 illi
760 999 855 1060 verba
882 1001 941 1078 sic,
972 1002 1060 1062 utin
1087 1002 1194 1081 quoti-

136 1117 203 1163 sno
218 1123 359 1166 sermone
374 1111 618 1182 consueverunt,
643 1102 868 1183 includuntque
889 1105 980 1165 etiam
1000 1122 1128 1165 numero
1144 1124 1190 1182 eo,

140 1203 157 1261 ἰ
186 1208 265 1269 illius
288 1208 438 1268 sermonis
461 1208 604 1288 proprius
626 1216 691 1286 est,
718 1207 775 1267 hoc
794 1218 842 1268 est
864 1209 1014 1269 trochaico
1037 1208 1088 1268 vel
1111 1208 1192 1269 iam-

136 1324 195 1390 30,
218 1311 311 1390 idque
327 1313 386 1390 sic,
413 1321 448 1372 ut
470 1311 533 1371 lere
557 1320 720 1372 numerent
736 1312 831 1391 magis
848 1311 985 1391 syllabas
1002 1330 1094 1390 quam
1111 1330 1194 1393 pon-

136 1426 226 1475 rent.
253 1415 413 1476 Eiusmodi
428 1434 468 1474 ex
482 1415 607 1493 antique
621 1414 744 1474 Graecia
761 1424 904 1494 superest
920 1404 987 1498 eyter}
1004 1406 1193 1494 ἐπιμύλιος,
1231 1402 1233 1407 ’

136 1512 198 1578 ius
214 1519 306 1580 verba
322 1520 425 1600 posuit
433 1517 612 1579 Plutarchus
629 1518 659 1577 in
673 1519 757 1597 Sept.
776 1519 911 1597 Sapient.
939 1517 1085 1578 Convivio
1100 1538 1125 1577 c.
1142 1519 1190 1577 ll.

136 1633 169 1676 t:
182 1632 289 1684 metro:

195 1743 340 1788 Lau-u

194 1844 363 1891 .¹c-o.‘u.

195 1947 462 1995 amm-cm

194 2040 267 2113 dte
287 2045 376 2131 μύλα
399 2041 489 2114 illst·

195 2150 251 2217 καὶ
273 2148 333 2237 γὰρ
356 2149 526 2228 Πιττακὸς
547 2145 622 2217 cil-ei

193 2252 340 2337 μεγάλας
349 2251 545 2331 Μυτιλάνας
564 2250 760 2339 βασιλεύων.

136 2405 232 2474 &quo
256 2397 391 2455 carmine
414 2396 492 2456 dixit
507 2396 690 2457 Ritschelius
713 2397 744 2456 in
760 2398 862 2458 Museo
878 2398 1024 2459 Rhenano
1046 2417 1074 2458 a.
1098 2399 1189 2458 tall.

152 2517 180 2576 p.
199 2502 238 2558 30
249 2503 273 2559 l.
307 2500 357 2560 Sic
372 2500 464 2579 igitur
478 2501 644 2579 composita
660 2500 786 2560 luerunt
807 2500 898 2561 etiam
915 2501 1090 2562 Latinorum
1107 2501 1193 2560 anti-

136 2601 254 2663 Jissima
272 2604 421 2683 carmina,
448 2613 484 2665 ut
506 2604 608 2684 aliquo
624 2622 820 2682 quocumque
843 2602 934 2663 modo
956 2588 1122 2664 numerum
1139 2622 1193 2662 re-

139 2713 222 2765 rrent
239 2705 360 2766 iambici
376 2705 497 2766 dimetri
513 2707 693 2786 catalectici,
718 2724 811 2785 quem
827 2717 1009 2785 sequeretur
1025 2705 1193 2767 trochaicus

136 2806 239 2868 imoter
262 2809 563 2891 brachycatalectus,
589 2831 647 2871 nec
669 2812 749 2872 iusta
765 2828 910 2871 mensura
926 2809 1116 2890 syllabarum
1132 2797 1208 2870 ob!

136 2921 246 2990 rrvata,
273 2931 374 2991 neque
397 2913 483 2975 hiatu
503 2916 615 2994 vitato,
641 2933 698 2975 nec
719 2913 812 2975 nullis
834 2913 977 2976 admissis
1001 2913 1189 2991 elisionibus

138 3015 276 3095 iquando
301 3017 393 3077 etiam
416 3017 569 3079 tribracho
592 3018 640 3081 vel
661 3017 782 3096 dactylo
811 3017 843 3077 in
864 3017 996 3078 trochaei
1017 3000 1117 3077 locum
1138 3034 1193 3075 re-

136 3129 196 3197 ipto
212 3117 305 3197 idque
321 3120 351 3178 in
368 3121 434 3202 ipso
446 3121 553 3182 ultimo
568 3121 664 3201 pede,
685 3123 716 3181 iu
732 3140 793 3200 quo
808 3121 900 3182 etiam
916 3123 1098 3181 recentiores
1113 3139 1193 3200 poe-

138 3242 155 3282 e
172 3222 255 3302 Itali,
283 3242 351 3284 rarc
366 3232 486 3303 tamen,
514 3227 623 3304 raptim
639 3224 903 3304 pronuntiandum
927 3224 1115 3285 tribrachum
1131 3243 1193 3303 po-

136 3335 257 3407 ierunt‘,
284 3337 320 3388 ut
341 3324 480 3389 Ariostus
504 3330 535 3388 in
559 3327 696 3389 Rolando
719 3329 844 3390 Furioso
859 3329 894 3389 ll.
915 3331 966 3389 56.
990 3329 1027 3389 X.
1048 3325 1098 3389 76.
1131 3326 1192 3388 Sed

135 3412 287 3509 egredior
308 3431 348 3493 ad
370 3432 521 3510 exempla.
548 3434 643 3495 Varro
666 3430 704 3492 de
721 3434 752 3491 L.
772 3433 804 3493 L.
824 3432 885 3494 Vll.
906 3431 956 3491 27.
977 3432 1028 3491 28.
1050 3431 1139 3492 affert
1154 3449 1194 3490 ex

136 3536 245 3594 rmine
261 3534 386 3596 Saliari:

194 3673 296 3734 dicum
314 3675 498 3754 caldecote,
518 3673 621 3735 dicum
637 3673 689 3736 dte
705 3674 838 3755 supplice
853 3681 957 3745 cante;

148 3814 192 3854 ex
208 3795 342 3855 carmine
357 3795 481 3873 Priami,
501 3795 584 3874 quod
599 3795 688 3856 cuius
702 3802 810 3873 poetae
825 3795 866 3855 sit
880 3794 999 3854 nescio:

192 3917 317 3988 celeres
340 3917 482 3996 Camena,
502 3932 608 3978 casces
622 3918 671 3977 res
685 3915 749 3976 nolo
763 3916 885 3996 profari

193 4027 223 4080 et
237 4020 404 4079 Priamum.
