2804 4912
243 278 304 338 150
615 292 671 335 ua.
693 294 724 334 ιι.
751 292 813 334 ειν.
833 291 949 334 mnu.

326 442 443 527 5437.
477 448 524 508 Ex
546 446 655 508 mediis
670 446 780 508 iambis
803 443 957 507 interdum
975 444 1095 525 primus
1111 444 1240 525 longam
1254 464 1336 506 ana-

242 551 347 613 crusin
362 549 466 630 habet,
485 559 521 611 ut
536 551 672 612 XXXIX.
695 550 723 610 5.

327 678 577 771 οἷπορίνιεονται
598 679 774 768 μέριμναι·

241 835 272 886 et
297 825 420 904 saepius
442 822 526 905 apud
549 825 679 903 tragicos
703 831 734 884 et
754 825 896 885 comicos.
933 821 1026 905 Apud
1049 824 1142 904 Soph.
1163 823 1213 884 El.
1237 824 1331 884 ⁴058.

242 928 404 1009 corripitur
419 926 627 1007 diphthongus
642 927 675 988 in
690 927 747 987 hoe
762 945 871 988 versu:

327 1055 601 1152 φρονιμωτάτους
623 1055 773 1137 οἰωνούς.

326 1307 350 1388 5
365 1303 443 1372 438.
477 1306 688 1368 Reeentissimi
705 1307 827 1386 Graeci,
852 1313 883 1368 et
898 1305 1013 1386 quibua
1027 1307 1089 1368 iam
1105 1325 1127 1367 ο
1143 1325 1156 1366 ι
1169 1325 1190 1366 υ
1207 1306 1336 1389 ancipi-

200 1469 203 1475 .
241 1422 288 1474 tes
311 1410 520 1489 habebantur,
547 1409 688 1489 strophas
711 1429 749 1472 ex
773 1410 916 1473 versibus
938 1407 1156 1472 Anacreonteis
1175 1408 1336 1473 condide-

241 1522 324 1596 runt,
343 1517 375 1576 in
391 1512 506 1593 quibus
521 1512 638 1592 aliquot
653 1513 792 1575 dimetria
807 1510 1034 1593 Anacreonteis,
1056 1513 1246 1594 plerumque
1263 1533 1332 1595 sex,

242 1620 296 1699 qui
319 1605 411 1691 οἶκος
432 1615 640 1697 vocabantur,
667 1616 895 1679 subiicerentur
915 1619 1076 1698 pauciores
1095 1618 1242 1698 trimetri,
1271 1617 1336 1682 duo

241 1723 440 1802 plerumque,
467 1738 545 1801 quos
568 1720 767 1802 appellabant
787 1712 993 1784 κοοκούλιον.
1027 1721 1102 1784 Vide
1126 1721 1336 1786 Scholiastam

241 1825 474 1907 Hephaestionis
495 1845 526 1906 p.
548 1828 586 1886 87
611 1823 706 1908 (⁴7⁴).
740 1821 942 1888 Anacreontei
964 1825 1020 1887 bas
1042 1825 1242 1905 potissimum
1265 1827 1335 1891 ior-

242 1948 308 1992 mas
324 1929 498 1990 habebant:

326 2045 528 2096 vaLva

327 2149 521 2198 ωέέυυέ.

241 2274 370 2336 trimetri
385 2272 482 2334 bane:

327 2390 623 2440 ωιιυοιιωι.

327 2493 621 2542 -ύυ.ὐυ.’έυυ.’-

240 2615 399 2681 Eiusmodi
414 2635 538 2679 carmen
553 2625 654 2679 exstat
669 2618 701 2678 in
717 2613 934 2682 Anacreonteis
951 2621 1053 2699 LXIX,
1079 2621 1170 2683 euius
1193 2624 1339 2689 secunda

241 2721 367 2803 stropha
382 2721 459 2784 haee
474 2729 537 2782 est:

367 2850 600 2942 Στρατόκλεις,
627 2849 727 2945 φίλος
747 2852 919 2946 Κοδὴρης,

366 2955 598 3045 Στρατόκλεις,
623 2953 703 3049 ἀνὴρ
726 2955 911 3050 Μυρίλλης,

368 3056 421 3131 ἴδε
442 3059 499 3151 τὴν
522 3059 623 3153 φίλην
644 3065 793 3151 γυναῖκα.

368 3161 500 3250 κομάει,
523 3164 655 3256 τέθηλε,
680 3163 825 3252 λάμπει·

369 3267 468 3359 ῥόδον
491 3261 622 3336 ἀνθέων
644 3265 800 3338 οἷνάοσει’

368 3370 467 3463 ῥόδον
490 3370 523 3439 ἒν
545 3369 663 3460 κόραις
683 3370 856 3460 Μυμίλλα.

325 3473 437 3568 ἠέλιος
458 3472 500 3543 ιδ
522 3475 622 3544 σέθεν
644 3474 762 3562 δέμνια
785 3472 922 3567 φαίνοι·

324 3577 527 3669 κυπάριττος
550 3579 698 3671 πεφδκοι
721 3586 780 3648 σεδ
803 3579 852 3648 aa
872 3579 980 3672 κήπῳ.

240 3725 388 3793 Trimetro
411 3725 469 3786 isto
491 3724 641 3803 synesius
662 3724 815 3804 hymnum
837 3734 960 3794 sextum
983 3728 1120 3808 scripsit,
1151 3728 1201 3791 his
1227 3732 1341 3797 formis

240 3847 318 3890 usus
329 3850 335 3888 :

326 3993 400 4046 σοι
410 3997 434 4044 .’
447 3994 451 4082 Ι
465 3944 571 4066 seri:
584 3997 588 4085 p
600 4000 698 4048 ωε.

409 4099 460 4149 υ.’
472 4099 477 4187 ¹
489 4101 538 4150 tJL
547 4102 596 4150 vl.
610 4100 613 4187 p
627 4102 699 4150 νέ-
