2804 4912
208 311 268 373 186
600 331 656 372 mn.
677 332 721 373 nr.
749 332 809 372 cnr.
830 331 892 372 rur.

205 483 313 563 habet,
339 486 396 545 nisi
417 505 513 565 prava
535 486 651 546 ratione
674 485 704 543 in
725 482 866 564 dipodias
881 484 1095 564 describatur,
1122 504 1186 547 nec
1209 487 1302 567 poly-

206 589 420 650 schematistus
436 597 491 649 est.
527 589 653 650 Constat
667 607 707 648 ex
722 589 770 648 his
785 587 961 649 ordinibus:
1056 655 1059 661 ,

290 701 364 752 QLQ
381 705 385 791 p
404 706 521 753 Lw--
538 705 550 792 Η
567 703 641 752 ULU
658 704 662 790 Ι
679 706 776 753 Lw..

206 829 338 889 (laesura
366 848 427 889 non
451 829 566 908 ubique
590 838 740 891 servatur.
785 830 912 910 Eupolis
942 830 1067 911 Χρυσῷ
1100 822 1192 912 γένει
1220 831 1302 911 apud

206 931 386 993 Meinckium
405 934 438 993 ll.
462 933 489 1010 l,
509 951 540 1010 p.
561 934 633 992 535.

291 1037 318 1110 ὦ
340 1044 499 1136 καλλίστη
523 1045 605 1114 πόλι
628 1053 757 1128 πασῶν,
783 1045 864 1124 ὅσας
887 1045 1005 1115 Κλέων
1027 1045 1152 1138 imppp,

291 1146 336 1227 ὡς
357 1145 524 1235 εὐδαίμων
546 1145 707 1237 πρότερόν
729 1146 756 1217 τ’
780 1141 892 1239 ἦσθα,
923 1156 979 1216 νῦν
1003 1175 1040 1217 σε
1061 1151 1201 1234 μᾶλλον
1225 1149 1302 1219 ἔσει.

206 1275 287 1336 ldem
302 1297 307 1335 τ

293 1388 361 1458 ἔδει
384 1396 517 1478 πρῶτον
538 1391 599 1474 μέν
622 1388 782 1480 ὑπάρχειν
805 1386 938 1458 πάντων
963 1387 1150 1480 ἰσηγορίαν.

292 1501 366 1572 πῶς
389 1485 446 1559 οὖν
469 1489 528 1560 οὐκ
552 1488 592 1559 ih
614 1521 665 1573 τις
688 1492 813 1578 ὁμιλῶν
834 1492 948 1582 χαίροι
969 1495 1089 1583 τοιᾷδε
1112 1492 1233 1578 πόλει,

293 1592 333 1662 ἵν’
357 1594 482 1678 ἔξεστιν
504 1591 590 1663 πάνυ
615 1600 728 1686 λεπτῷ
749 1604 843 1686 κακῷ
865 1623 900 1663 τε
923 1596 980 1688 τὴν
1004 1595 1108 1663 ἰδέαν.

207 1723 256 1783 Sic
282 1742 365 1784 nune
390 1734 517 1803 apparet
542 1722 743 1784 scribendum
769 1742 854 1785 esse:
885 1723 957 1785 vide
978 1722 1240 1790 Lindemannum
1267 1725 1305 1788 ad

205 1826 350 1887 Prisciani
366 1846 457 1907 opera
474 1828 590 1887 minora
605 1846 636 1906 p.
656 1827 728 1888 ⁶259.

596 2087 904 2096 Δ.--..-----------

629 2300 739 2367 ΟΑΡ.
757 2299 867 2368 v111.

448 2451 506 2519 De
533 2450 736 2519 versibus
764 2452 1050 2543 asynartelis.

291 2616 407 2700 5508.
441 2621 555 2681 Metrici
576 2638 684 2681 versus
706 2638 773 2700 eoS,
799 2621 830 2681 in
850 2621 965 2700 quibus
981 2619 1043 2683 duo
1059 2623 1216 2686 membra
1230 2642 1306 2685 con-

206 2726 312 2786 iuncta
328 2726 399 2803 sint,
425 2743 503 2802 quae
520 2725 658 2785 connecti
675 2725 873 2804 copularique
888 2732 1054 2805 nequeant,
1082 2736 1304 2805 asynarte-
1395 2770 1400 2781 ι

207 2838 267 2889 tos
292 2838 411 2888 vocant.
445 2829 530 2899 Quae
547 2827 683 2889 definitio
699 2828 775 2888 falsa
792 2836 855 2907 est,
881 2829 952 2908 quia
969 2829 1058 2889 etiam
1077 2828 1109 2888 in
1125 2832 1304 2909 permultos

206 2950 315 2991 versus
332 2930 428 3009 cadit,
454 2931 589 3010 quinon
612 2940 815 2992 numerantur
835 2933 867 2991 in
890 2923 1084 3010 asynertetis.
1119 2934 1235 3005 Quare
1250 2954 1302 2996 nos

206 3053 257 3094 eos
280 3053 389 3096 versus
417 3043 677 3114 asynartetos
700 3054 864 3112 vocamus,
894 3052 1025 3113 quorum
1051 3042 1162 3113 partes
1187 3036 1303 3099 laxiore

207 3138 330 3198 vinculo
345 3138 523 3215 cohaerent,
550 3138 589 3199 ita
607 3149 642 3199 ut
656 3139 832 3218 perpetuari
848 3139 991 3199 orationis
1007 3138 1209 3203 cohaerentia
1225 3160 1303 3220 pos-

205 3241 259 3318 sit,
286 3249 317 3300 et
330 3241 416 3301 hiatu
432 3239 613 3321 syllabaque
629 3241 753 3321 ancipiti
769 3241 959 3321 interrumpi.
994 3242 1033 3302 vt
1046 3240 1134 3319 apud
1152 3244 1298 3307 Plautum

205 3341 317 3423 Amph.
338 3345 359 3403 l.
382 3344 410 3422 l,
432 3347 481 3405 35.
503 3346 553 3404 39.

294 3465 347 3544 qui
361 3463 458 3526 attilio
477 3463 611 3525 Thebano
623 3465 710 3544 poplo
726 3499 745 3508 -
763 3464 872 3526 ucc'rbu
889 3463 992 3525 obiecit
1009 3463 1140 3543 stipere,

297 3568 418 3648 rapique
437 3566 572 3629 Thebano
589 3568 710 3628 Creonti
722 3570 849 3648 repricat
864 3566 1011 3629 stabilivit
1024 3585 1125 3629 situm.

205 3688 347 3746 Inventor
362 3695 608 3767 asprartetorum
624 3696 751 3767 putatur
765 3685 963 3749 Archilochus
979 3686 1093 3767 luisse,
1120 3708 1190 3752 uno
1205 3710 1302 3755 versu

205 3788 283 3850 duos
299 3792 503 3869 coniungens,
531 3791 617 3852 hiatu
636 3800 667 3852 et
688 3791 808 3870 syllaba
823 3791 947 3869 ancipiti
966 3791 998 3850 in
1013 3793 1224 3857 commissura
1239 3794 1302 3857 ad-

207 3892 318 3952 missis,
360 3892 442 3953 Idem
474 3913 514 3954 an
543 3893 667 3955 eosdem
695 3914 804 3956 versus
830 3895 922 3955 etiam
949 3876 1135 3973 perpetuata
1161 3899 1307 3959 oratioue

206 3994 366 4073 divisoque
387 3997 467 4056 inter
490 4007 653 4076 utramque
675 4006 797 4077 partem
812 3997 963 4058 vocabulo
979 3996 1173 4079 condiderit,
1201 4001 1306 4061 incer-

205 4107 288 4160 tum:
315 4096 423 4161 dubito
445 4108 558 4160 autem.
593 4102 702 4180 Metra,
729 4120 809 4180 quae
831 4100 871 4162 ab
893 4101 1122 4180 Hephaestione
1145 4110 1186 4165 ut
1206 4122 1306 4183 asyn-

210 4209 307 4262 arteta
324 4210 612 4282 commemorantur,
635 4204 709 4265 haec
726 4214 808 4265 sunt.
