2804 4912
233 299 272 359 NJ
645 312 888 357 mmmm

314 464 407 549 528.
441 471 502 529 Nec
522 477 687 548 repugnat,
717 468 836 528 theticis
859 465 1050 547 temporibus
1073 467 1219 526 maiorem
1241 484 1311 527 esse

228 573 321 634 arsin.
354 573 455 633 Potest
469 573 551 633 enim
567 573 606 632 ita
623 579 797 651 comparata
812 588 890 647 esse,
916 579 1027 632 utnon
1043 577 1115 648 tota,
1134 568 1190 630 sed
1205 570 1310 649 aliqua

228 684 348 737 tantum
370 683 457 754 parte
473 694 529 736 sua
545 675 643 736 thesin
659 681 811 753 procreet:
838 691 917 753 quae
939 693 1011 754 pars
1031 673 1153 733 omnino
1168 691 1225 753 par
1239 691 1310 733 esse

228 779 347 840 theticis
363 777 552 858 temporibus
568 777 672 855 debet,
691 777 748 838 hoc
762 776 868 838 modo:

313 880 373 962 έν,
441 879 526 961 έυυ,
594 879 694 926 έυυυ

311 1038 406 1104 ύυ
451 1039 511 1109 ύγ
618 1036 679 1081 &v

227 1141 277 1202 Sic
291 1140 386 1201 moles
402 1140 534 1218 minore,
561 1159 653 1219 quam
671 1158 748 1218 opus
770 1148 832 1216 est,
859 1135 1058 1198 fundamento
1082 1138 1225 1198 sustiueri
1247 1157 1311 1198 ne-

226 1244 308 1324 quit:
328 1245 451 1324 maiore,
471 1263 564 1324 quam
580 1262 658 1325 opus
674 1252 730 1322 est,
749 1250 832 1302 recte
847 1240 1026 1303 sustinetur.

664 1592 777 1662 cAP.
795 1593 865 1662 IV.

585 1744 651 1814 De
687 1765 943 1815 mensura
1046 1744 1048 1746 ’

310 1916 334 1997 ὅ
349 1912 403 1980 29.
435 1918 608 1976 Mensuram
624 1912 754 1975 dicimus
769 1891 941 1994 temporum
957 1914 1037 1973 iuter
1050 1929 1085 1973 se
1100 1913 1310 1992 comparatio-

225 2038 296 2082 nem
312 2020 378 2080 sine
393 2037 531 2080 numero.
565 2015 609 2077 Ac
623 2018 741 2077 metrici
757 2017 881 2079 duabus
897 2025 1016 2078 tantum
1033 2017 1185 2077 mensuris
1206 2026 1311 2077 utun-

182 2155 185 2162 ·
225 2133 285 2202 tur,
304 2121 444 2202 simplici,
464 2139 558 2200 quarn
573 2121 680 2182 Graeci
695 2116 810 2204 χρόνον
825 2130 856 2182 et
871 2119 1017 2202 σημεῖον,
1036 2120 1134 2181 Latini
1150 2129 1310 2200 tempus

225 2236 256 2287 et
276 2243 422 2286 moram
446 2233 570 2303 vocant,
596 2233 627 2284 et
642 2223 766 2305 duplici.
800 2223 904 2285 Musici
919 2231 1039 2283 veteres
1054 2223 1146 2284 etiarn
1160 2222 1310 2302 quadru-

224 2329 295 2408 plici
311 2338 342 2390 et
356 2329 500 2408 octuplici
517 2345 658 2390 mensura
676 2326 856 2389 utebantur:
875 2344 905 2385 v.
922 2322 1045 2386 hristid.
1061 2327 1187 2399 Quintil.
1203 2343 1234 2404 p.
1252 2330 1305 2388 36.

224 2433 329 2494 Plures
349 2433 441 2494 etiam
461 2445 622 2493 mensuras
645 2429 790 2492 hodierne
812 2430 898 2490 novit
918 2431 1044 2491 musica.
1079 2431 1122 2490 De
1145 2430 1255 2510 triplici
1274 2431 1309 2490 in

226 2536 331 2598 metris
347 2534 466 2598 dicetur
480 2532 516 2617 §§
532 2537 602 2596 199.
618 2543 650 2595 et
666 2535 737 2594 445.

309 2737 402 2823 530.
435 2743 490 2804 Pes
511 2738 636 2803 musicis
659 2749 691 2801 et
705 2739 900 2818 rhythmicis,
928 2739 1111 2819 plerumque
1127 2742 1219 2803 etiam
1235 2759 1310 2802 me-

223 2847 324 2924 tricis,
351 2847 392 2906 ita
416 2844 542 2924 dicitur,
568 2852 603 2905 ut
625 2843 715 2905 etiam
738 2861 903 2904 numerum
925 2851 1072 2923 spectent.
1112 2845 1171 2905 Nos
1193 2843 1309 2924 pedem

223 2967 369 3010 vocamus
384 2957 498 3009 certam
514 2958 686 3028 temporum
702 2946 951 3025 compositionem
967 2947 1032 3008 sine
1048 2966 1186 3009 numero,

249 3221 251 3225 ,
306 3151 400 3236 931.
426 3153 621 3216 Vsitatissimi
635 3153 730 3234 pedes
746 3154 880 3215 bisunt:
899 3153 1045 3232 bisyllabi
1061 3162 1222 3234 quattuor:

308 3258 638 3339 Wpyrrhichius,
732 3277 734 3282 ·

308 3360 597 3441 --spondeus,

307 3479 354 3510 v·
376 3463 555 3542 iambus,

308 3581 354 3614 -v
375 3567 609 3645 trochaeus,
630 3565 784 3628 interdurn
801 3567 992 3642 choreus;

222 3670 373 3750 trisyllabi
388 3680 471 3732 octo:

306 3786 384 3820 ww
399 3772 649 3851 tribrachys,
669 3774 733 3834 sive
749 3774 939 3853 choreus,

307 3910 372 3922 --
397 3875 611 3954 Molossus,

306 3991 379 4026 w·
401 3989 669 4060 anapaestus,

307 4096 380 4129 -W
402 4081 606 4162 dactylus,

304 4199 379 4232 w
398 4185 722 4267 amphibrachys,
