2804 4912
284 326 322 368 ur
337 325 577 370 oonrmmrrous
593 324 702 371 mum
718 325 876 369 ruocntrcr
891 325 964 368 urvo
979 324 1128 370 romnus.
1208 306 1249 369 63

114 480 128 535 τ’
162 477 308 540 haerent:
334 480 437 541 sinon
451 480 631 560 cohaerent,
657 480 733 542 satis
752 487 800 542 est
822 487 962 542 constme
985 496 1037 541 eas
1053 498 1092 539 ex
1107 478 1250 540 versibus

114 582 133 617 '·
161 580 344 644 catalecticis
360 583 410 644 vel
426 574 613 646 acatalectis:
633 585 681 645 sin
698 584 878 663 cohaerent,
904 602 966 645 uno
988 581 1182 661 dipodiarum
1199 591 1250 642 te-

161 701 235 745 nore
258 704 330 746 cum
347 687 508 768 versibus,
535 687 650 768 quibus
665 688 789 749 iunctae
811 696 900 767 sunt,
927 686 1099 748 continuari
1121 684 1246 747 debent.

160 786 270 868 ltaque
283 807 380 870 quam
393 810 434 853 ex
450 793 580 855 Caecilio
594 791 766 854 clausulam
782 790 871 853 affert
885 791 1033 852 Rufinus:

248 910 282 973 di
296 910 365 972 honi
375 912 448 992 quid
462 911 526 990 hoc,

131 1030 139 1039 ⁴
160 1030 186 1091 si
202 1029 263 1090 fuit
277 1030 433 1110 clausula,
458 1040 512 1095 aut
527 1032 597 1094 horti
619 1032 864 1112 monosyllabum
888 1049 956 1093 esse
972 1030 1096 1110 debuit,
1125 1039 1159 1092 ut
1173 1048 1250 1092 ver-

114 1112 133 1229 {
161 1151 215 1195 sus
231 1142 315 1196 esset
326 1145 517 1199 monometor
527 1136 722 1216 acatalectus,
742 1145 798 1199 aut
807 1134 1031 1217 corripiebatur
1042 1134 1107 1215 hoc,
1120 1151 1250 1197 numero

114 1252 132 1323 ξ
160 1252 230 1298 cum
256 1246 406 1318 sequente
421 1257 514 1301 versu
528 1247 721 1321 perpetuato.
755 1239 818 1302 Sed
840 1238 970 1302 tortasse
985 1257 1047 1300 uon
1062 1238 1160 1317 magis
1175 1237 1251 1299 haec

160 1338 217 1401 luit
240 1339 399 1421 clausula,
432 1358 526 1422 quam
557 1343 654 1406 fuisse
676 1341 801 1407 videtur
830 1341 914 1425 quod
944 1340 1028 1403 idem
1055 1361 1094 1403 ex
1117 1340 1250 1402 Terentii

114 1478 122 1535 j
157 1440 294 1525 Adelph.
314 1444 362 1506 lV.
384 1445 456 1526 l,l.
476 1446 579 1511 affert:
1028 1441 1030 1446 ’

118 1570 123 1575 “
248 1561 419 1626 discrucior
434 1567 545 1647 ocimi,
565 1564 574 1651 Η
590 1567 691 1631 hocine
706 1566 781 1630 mihi
793 1567 869 1629 moll
885 1565 920 1629 de
936 1565 1098 1646 improviso
1114 1563 1211 1626 obiici.

116 1674 123 1683 ⁸
157 1683 199 1747 de
214 1703 280 1765 quo
296 1704 326 1746 v.
338 1684 435 1746 Elem.
457 1685 541 1748 dm.
559 1707 591 1768 p.
606 1688 677 1748 432.
704 1688 899 1767 Quemquam
914 1685 990 1746 haee
998 1684 1179 1745 Terentiana
1195 1700 1251 1761 per

121 1814 124 1819 ·
159 1805 309 1851 numeros
325 1787 451 1870 quidem
467 1788 539 1851 ferri
553 1799 673 1871 posset,
692 1791 719 1852 si
735 1790 905 1853 trochaicus
920 1807 1031 1852 versus
1046 1796 1245 1867 sequeretur:

159 1895 233 1974 quia
251 1911 350 1973 quum
364 1893 629 1973 hypercatalectus
643 1895 684 1955 sit
697 1894 748 1955 hic
762 1893 951 1972 versiculus,
978 1890 1130 1953 iambicus
1146 1899 1249 1951 tamen

121 1996 124 2001 '
159 2005 224 2076 est,
252 1998 325 2076 qui,
350 1997 376 2058 si
391 1996 588 2078 hypermeter
608 2006 672 2078 est,
698 2016 760 2059 nou
775 1997 854 2060 tollit
868 1997 1023 2058 incessum
1038 2013 1095 2076 per
1109 1992 1249 2073 dipodius

160 2099 347 2179 trochaicas,
370 2099 454 2180 quod
475 2118 537 2162 non
558 2110 606 2163 est
625 2102 657 2162 in
678 2100 729 2162 illo
744 2100 884 2181 Caecilii,
910 2098 936 2161 si
954 2099 981 2160 is
996 2099 1134 2179 quinque
1149 2097 1249 2176 plenis

114 2270 117 2277 ,
167 2198 292 2295 syllabis
308 2204 542 2285 pronuntiatur:
561 2223 591 2265 v.
611 2202 628 2287 §
647 2203 718 2265 t87.

248 2444 279 2527 ἦ.
290 2442 366 2511 192.
393 2446 570 2510 Continuati
582 2447 702 2507 numeri
714 2446 746 2506 in
758 2445 904 2508 clausulis
916 2445 992 2507 haec
1003 2443 1142 2525 exempla
1155 2442 1250 2505 sulfi-

157 2550 262 2615 oms:
281 2550 361 2612 Eun.
381 2551 416 2611 ll.
437 2551 529 2632 3,t„

250 2670 349 2733 occidi
358 2693 367 2731 .·

250 2809 344 2874 neque
363 2791 450 2873 vquo
465 2797 667 2872 cuiusquam,
693 2794 788 2874 adque
803 2811 872 2875 ooo,
898 2790 951 2873 qui
965 2789 1048 2852 illum
1063 2808 1078 2850 e
1093 2789 1249 2870 cdospectu

706 2895 796 2959 omisi
810 2912 883 2958 mco.

156 3013 283 3078 Ibidem
299 3015 335 3075 ll.
357 3015 384 3094 l,
396 3016 426 3076 2.

249 3135 324 3218 stet:
343 3143 376 3199 ot
389 3133 507 3213 muttire
526 3181 532 3196 .
548 3136 598 3217 fiat
614 3183 621 3196 .
639 3135 737 3198 cotiae
752 3133 806 3197 hoc
821 3131 1024 3197 mondotdmst
1039 3132 1115 3196 tibi?
1131 3134 1170 3195 oh

248 3240 394 3321 royitdre,
412 3240 503 3321 quasi
516 3238 636 3320 difficile
650 3239 699 3300 sit.

152 3361 270 3424 Plures
286 3359 442 3422 clausulae
457 3360 635 3432 coniunctae
651 3359 731 3421 Eun.
751 3360 786 3420 ll.
807 3360 837 3440 3,
848 3360 878 3422 7.
929 3440 932 3445 Ι

249 3482 347 3545 aucto
362 3480 437 3564 quid
451 3480 487 3544 dc
502 3482 603 3542 umore
618 3479 750 3563 loquitur
765 3526 772 3542 .
789 3481 806 3540 ό
821 3477 1041 3561 infortunatum
1056 3498 1165 3542 secam.

252 3584 301 3647 hic
315 3587 386 3647 otro
402 3593 464 3663 est,
482 3585 536 3666 qui
548 3584 577 3645 si
589 3583 745 3666 occeperit,

251 3684 355 3750 ludiim
370 3689 524 3770 iocumque
539 3686 623 3749 dicos
636 3685 734 3768 fuisse
748 3686 835 3749 illum
851 3688 994 3768 ulcerum,

247 3798 362 3873 praeut
377 3788 466 3852 totos
479 3788 582 3852 rodier
597 3791 675 3872 quoe
690 3788 782 3852 debit.

250 3901 288 3957 ut
301 3891 385 3957 ittam
399 3893 433 3956 di
445 3893 633 3956 dene-omues
653 3893 768 3956 scnium
790 3892 934 3975 padam,
958 3895 1012 3976 qui
1031 3893 1115 3956 tocie
1129 3910 1175 3956 me
1189 3912 1246 3955 re-

782 4000 919 4061 mordtcs
933 4004 985 4060 cst.
