2804 4912
378 338 416 379 on
431 339 506 398 onst,
525 336 620 399 ruer,
639 340 674 381 ur
690 338 839 383 enecnvsr.
1138 319 1157 382 3

70 490 148 549 Nam
163 506 266 568 neque
282 508 392 552 mussa
407 490 527 569 ellectu,
543 509 644 570 neque
659 491 787 554 effectus
802 508 911 553 caussa
924 500 979 553 aut
992 492 1088 552 maior
1101 500 1156 552 aut

69 584 263 653 minorstesse
281 602 391 672 potest.
424 594 530 666 Quum
550 595 632 654 enim
655 597 753 656 omnis
776 596 918 673 mutatio,
945 611 1009 673 qua
1022 594 1158 654 cernitur

69 694 217 775 effectus,
246 714 288 757 ex
312 696 454 758 conflictu
476 698 588 758 virium
616 700 824 778 oppositarum
852 699 981 774 oriatur3
1012 695 1156 775 aequales

67 807 175 859 autem
197 799 279 861 vires
302 799 361 861 sibi
384 802 540 882 oppositae
560 818 594 861 se
616 802 701 880 ipsae
725 802 903 880 cohibeant,
929 819 986 862 nec
1001 799 1066 860 lieri
1081 817 1157 860 mu·

67 903 217 963 tationem
232 903 405 983 patiantur:
425 923 552 966 necesse
567 912 624 983 est,
640 906 787 984 oppositis
797 902 1014 985 inaequalibus
1024 901 1152 980 viribus,

67 1014 191 1067 tantum
214 1008 353 1087 superari
375 1007 518 1086 alteram,
544 1017 695 1087 qnantum
720 1008 813 1069 altera
837 1017 977 1089 superat:
1007 1024 1068 1086 qua
1091 1006 1156 1085 lege

69 1109 180 1171 nititur
192 1113 293 1173 omnis
307 1102 498 1189 mechanica,
525 1129 606 1191 quae
625 1121 762 1174 vocatur.
795 1110 886 1184 Quod
901 1113 927 1171 si
942 1129 1034 1191 saepe
1049 1110 1155 1170 effecta

70 1213 188 1275 caussis
209 1215 260 1275 vel
280 1215 392 1275 maiora
415 1214 465 1276 vel
489 1215 605 1275 minora
626 1213 787 1294 videntur,
813 1213 846 1275 id
869 1234 905 1275 eo
925 1215 975 1294 lit,
1002 1212 1086 1292 quod
1106 1213 1155 1273 vel

66 1332 173 1377 rerum
196 1315 358 1379 diversitas
380 1319 635 1396 comparationem
655 1337 718 1379 non
733 1317 882 1396 admittit,
908 1318 959 1380 vel
974 1318 1086 1379 virium
1102 1318 1155 1377 in-

66 1429 225 1482 crementa
247 1429 341 1501 atque
361 1420 581 1501 impedimenta
602 1422 708 1482 latent.
742 1420 828 1483 Vnde
844 1439 923 1500 quae
939 1422 1077 1482 nascitur
1092 1421 1155 1480 mi-

66 1524 155 1603 ratio,
171 1524 265 1585 simul
276 1526 518 1605 etignorantiam
529 1534 676 1604 nostram,
691 1535 723 1586 et
733 1525 956 1603 necessitatem,
976 1542 1037 1604 qua
1049 1524 1154 1585 effecta

65 1627 256 1705 requisimus
272 1629 390 1689 caussis
405 1629 560 1708 aequalia,
586 1628 774 1708 comprobat.
808 1629 914 1707 ltaque
936 1646 1085 1689 numerus
1107 1636 1155 1688 est

65 1718 303 1792 efficientia
329 1749 400 1810 per
424 1732 716 1812 aequalitatem
739 1741 961 1809 temporum
984 1749 1154 1811 reprae-

68 1842 242 1895 sentata.
269 1833 384 1895 Eodem
396 1834 486 1896 modo
496 1853 657 1916 corporum
670 1834 862 1897 cohaerentia
878 1835 1062 1914 aequalitate
1077 1834 1154 1894 niti-

68 1944 128 1997 tur.
162 1937 240 1998 Nam
255 1955 359 2017 quum·
369 1939 561 2000 cohaerentia
577 1939 618 2000 sit
632 1939 806 2000 communio
820 1939 972 2017 partium,
992 1956 1153 1999 commune
1242 1944 1245 1949 ’

65 2049 172 2100 eutem
191 2042 234 2102 sit
252 2039 343 2119 illud,
369 2039 452 2120 qnod
474 2043 506 2102 in
526 2040 670 2103 omnibus
689 2041 833 2121 partibus
853 2039 935 2102 idem
955 2040 1077 2122 sibique
1098 2060 1155 2121 par

69 2151 133 2202 est:
145 2146 353 2205 necessarium
365 2154 421 2223 est,
437 2154 473 2206 ut
484 2146 685 2224 cohaerentia,
702 2163 781 2226 qnae
793 2145 858 2207 sola
871 2164 1030 2226 corporum
1043 2146 1149 2225 ligura,

72 2245 92 2305 i.
120 2265 146 2306 e.
170 2249 336 2326 spatiorum
361 2246 564 2327 descriptione
591 2249 795 2328 exprimatur,
828 2268 990 2311 commune
1016 2248 1096 2310 illud
1121 2250 1152 2308 in

67 2352 292 2430 comparatione
323 2352 443 2430 aequali
474 2353 642 2431 spatiorum
673 2353 793 2415 habeat.
840 2353 946 2433 ltaque
975 2353 1152 2432 symmetria

64 2453 329 2516 cohaerentia
352 2463 399 2516 cst
421 2473 490 2533 per
515 2456 808 2535 aequalitatem
833 2456 1061 2536 spatiorum
1083 2474 1152 2516 re-

62 2567 345 2636 praesentata.

150 2761 223 2846 59.
256 2767 299 2828 lta
313 2768 458 2828 universa
470 2767 592 2828 numeri
607 2769 867 2846 symmetriaeque
884 2776 994 2829 natura
1013 2765 1147 2846 definita,

61 2886 164 2947 quum
187 2867 228 2929 de
249 2870 537 2950 singulisnumeris
558 2870 727 2949 figurisque
749 2871 957 2949 symmetricis
982 2871 1146 2950 loquimur,

61 2989 216 3034 numerus
237 2982 285 3034 est
305 2973 433 3054 imago
455 2974 578 3035 seriei
601 2973 839 3054 effectuum,
864 2992 1057 3053 expressa
1080 2992 1152 3053 per

66 3075 348 3153 aequalitatem
378 3084 612 3157 tempornm3
653 3080 830 3156 symmetria
861 3085 984 3156 autem,
1024 3078 1152 3156 imago

67 3179 189 3239 seriei
205 3180 513 3244 cohaerentium
530 3183 720 3262 partium,
746 3183 973 3261 spatiorum
994 3200 1150 3261 aequa-

62 3279 184 3343 litate
207 3300 413 3363 expressa.

511 3585 625 3655 off.
642 3585 696 3654 11.

250 3735 324 3833 ¹De
351 3736 459 3820 arsi,
488 3735 622 3821 thesi,
651 3746 694 3806 et
720 3737 937 3807 anacrusi.

147 3902 174 3984 5
190 3900 243 3967 10.
269 3905 516 3968 Demonstratnm
528 3913 585 3984 est,
604 3907 780 3985 primariam
794 3907 916 3967 numeri
927 3906 1149 3985 symmetriae-

55 4027 121 4088 que
138 4007 241 4086 legem
255 4008 286 4068 in
299 4010 482 4089 aequalitate
494 4018 666 4089 temporum
678 4011 908 4089 spatiorumque
920 4009 1053 4089 positam
1066 4026 1143 4069 esse.

54 4110 121 4173 Sed
138 4110 200 4172 etsi
215 4111 281 4171 sine
296 4110 352 4173 hac
367 4112 550 4191 aequalitate
569 4131 627 4174 nec
647 4130 795 4175 numerus
811 4113 933 4192 cogitari
947 4118 1065 4191 potest,
1092 4128 1148 4169 nec

53 4214 258 4293 symmetria,
284 4224 386 4275 tamen
407 4216 461 4294 qui
476 4234 640 4295 numeruS,
667 4234 785 4295 quaeve
807 4216 982 4293 symmetria
1005 4213 1064 4275 hec
1084 4212 1147 4272 sola

901 4334 912 4382 1
923 4333 939 4368 a
