2804 4912
447 299 484 341 nu
500 299 629 341 ιιαοιοαι
643 300 798 342 rnrnnrrrs
814 298 1015 344 ncnrrtrcrrs.
1233 281 1275 342 tr

274 447 393 530 §iffi
427 453 503 513 Νοιο
526 451 628 513 crebri
650 459 724 514 sunt
747 470 858 515 versus
877 455 959 515 omni
974 450 1107 537 {caesura
1122 459 1273 530 carentes,

137 569 140 573 ’
165 573 322 634 quorum
350 554 461 635 singuli
487 554 584 634 pedes
614 555 742 635 singulis
775 555 902 618 vocibus
932 557 1136 618 continentur.
1178 556 1273 635 Soph·

162 657 260 718 Oed.
288 660 322 719 ll.
345 658 396 718 59.

274 762 316 831 τὸ
331 762 393 854 γὰρ
409 767 519 848 τυχεῖν
534 759 651 843 αι’·τοῖς
665 761 785 832 ἅπαντ’
802 761 936 833 ἐνταῦθ’
953 762 1010 834 ἔτι.

157 876 303 959 Turpis
317 899 427 943 versus
443 884 474 942 in
490 883 596 962 Eurip.
617 881 726 943 Troad.
748 881 819 944 769.

273 982 383 1076 ἄγετε,
400 988 527 1079 φέρετε,
544 984 680 1079 ῥίπτιτέ
693 1014 753 1071 νιν,
773 985 805 1055 οῖ
819 985 951 1078 ῥίπτειν
965 991 1068 1072 δοκεῖ,

153 1100 206 1160 sic
226 1105 465 1186 corrigendus:

273 1217 348 1288 ἀλλ’
364 1214 471 1309 ἄγετε,
488 1219 615 1313 φέρετε,
632 1216 771 1312 ῥίπτετ’,
789 1219 821 1289 τὶ
836 1219 967 1313 ῥίπτειν
982 1223 1084 1290 δοκεῖ.

273 1431 300 1514 ᾖ
316 1430 392 1497 147.
425 1432 583 1497 Interdum
600 1434 708 1495 incisio
722 1434 772 1496 vel
787 1454 849 1495 non
864 1435 952 1514 longe
967 1455 985 1496 a
1001 1434 1062 1497 fine
1077 1454 1204 1515 versus,
1226 1435 1276 1496 vel

165 1534 293 1605 paullo
314 1546 385 1619 post
408 1538 528 1598 initium
551 1537 648 1617 laeta,
678 1537 750 1599 iacit
771 1547 806 1598 ut
827 1536 960 1600 duorum
983 1558 1132 1600 versuum
1155 1539 1276 1601 numeri

174 1639 304 1702 arctius
327 1641 565 1720 coniungantur,
592 1650 684 1721 atque
707 1640 778 1702 inde
800 1651 832 1702 et
853 1641 1037 1720 apostropho
1060 1642 1143 1703 locus
1163 1643 1219 1719 sit,
1246 1652 1277 1702 et

182 1742 407 1824 synaloephae.
432 1743 523 1816 Quod
538 1745 657 1823 primus
673 1744 745 1805 lecit
760 1744 934 1824 Sophocles,
954 1744 1031 1806 Ocd.
1051 1745 1114 1808 Col.
1137 1744 1228 1805 1161.

124 1842 126 1853 ’
278 1851 331 1918 σοὶ
347 1849 451 1941 φασὶν
467 1846 568 1918 αὐτὸν
583 1846 633 1928 εἷς
647 1849 765 1939 λόγους
781 1851 895 1919 ἐλθεῖν
908 1848 1043 1937 μολόντ’

278 1952 393 2037 αἰτεῖν,
410 1948 577 2022 ἀπελθεῖν
590 1949 619 2021 τ’
635 1949 798 2045 ἀσφαλῶς
811 1961 869 2045 τῆς
885 1950 972 2045 δεῦρ’
988 1950 1081 2022 ὁδοῦ.

208 2058 269 2128 lide
281 2071 377 2132 Elem.
397 2069 428 2132 d.
448 2091 489 2132 rn.
509 2091 540 2151 p.
561 2074 612 2134 36.
638 2072 723 2132 Etin
738 2072 857 2134 Electra
874 2075 946 2134 711.

124 2158 140 2325 q
276 2175 402 2244 κτύπου
416 2182 584 2268 κροτητῶν
599 2175 774 2268 ἁρμάτων·
789 2177 880 2259 κόνις
895 2175 924 2246 d'
940 2173 1008 2246 ιῖνω

275 2274 435 2371 ’φορεῖθ’·
451 2277 538 2366 ὁμοῦ
553 2280 591 2348 dd
606 2279 729 2362 πάντες
744 2276 1014 2371 ἀναμεμιγμένοι.

207 2392 272 2458 llaec
285 2400 396 2460 arctior
410 2398 543 2461 duorum
560 2417 707 2461 versuum
723 2401 895 2461 coniunctio
910 2399 991 2480 lacit,
1014 2409 1049 2462 ut
1064 2402 1156 2463 etiarn
1171 2419 1272 2479 uoceS,

124 2478 137 2583 1
202 2516 270 2579 qnae
293 2503 382 2563 aliter
404 2521 466 2562 non
488 2502 575 2563 facile
591 2503 623 2562 in
637 2503 787 2584 principio
802 2522 912 2564 versus
935 2505 1050 2582 positae
1066 2505 1272 2584 reperiuntur,

124 2582 135 2673 1
195 2604 322 2686 incipere
349 2624 475 2668 versum
502 2607 635 2686 possint,
665 2615 701 2667 ut
727 2603 820 2689 δῆτα.
858 2607 933 2668 Vide
960 2625 1040 2687 quae
1066 2606 1209 2668 adnotavi
1236 2606 1276 2668 ad

190 2709 283 2788 Soph.
302 2707 349 2770 Αἰ.
370 2712 442 2770 965.
480 2711 524 2770 De
550 2709 609 2770 alia
632 2711 802 2771 continuati
823 2728 895 2770 curn
917 2710 1011 2772 altero
1035 2728 1128 2772 versu
1153 2712 1275 2773 numeri

188 2814 305 2873 ratione
322 2810 425 2894 vide§
444 2815 515 2874 161.

274 3017 299 3098 ὃ
317 3015 392 3082 148.
425 3017 473 3080 Ad
489 3038 668 3081 mensuram
689 3017 773 3100 quod
787 3020 912 3097 attinet,
938 3021 1089 3082 Porsonus
1111 3018 1150 3081 ad
1166 3019 1271 3100 Eurip.

187 3124 261 3185 llec.
283 3123 355 3184 317.
379 3130 411 3183 at
432 3124 464 3183 in
487 3123 647 3202 Supplem.
666 3122 762 3203 praei.
782 3121 824 3184 ad
845 3123 916 3183 Hoc.
935 3142 966 3203 p.
988 3125 1038 3184 30.
1058 3141 1146 3203 seqq.
1164 3122 1276 3184 obser-

185 3228 283 3304 vavit,
304 3244 373 3286 raro
387 3227 516 3306 tragicos
531 3236 602 3287 ante
618 3227 757 3306 quintam
772 3227 856 3287 arsin
873 3245 976 3287 vocern
992 3246 1031 3288 ex
1046 3226 1190 3307 pluribus
1205 3226 1276 3308 syl·
1382 3285 1384 3289 a

182 3331 267 3392 labis
282 3329 372 3408 longa
388 3328 508 3408 syllaba
523 3330 698 3408 terminare,
717 3340 752 3391 ut
769 3350 818 3411 ap.
838 3330 944 3410 Eurip.
964 3330 996 3390 in
1011 3331 1081 3392 lone
1098 3351 1128 3392 v.
1150 3331 1178 3391 1.

274 3434 392 3516 Ἄτλας
407 3431 425 3502 ὃ
441 3435 613 3519 χαλκέοισι
627 3443 746 3515 νιῖτοις
761 3438 766 3526 1
784 3432 934 3524 οὐρανόν.

183 3557 256 3628 Quo
278 3572 353 3614 sane
376 3553 481 3614 durior
503 3554 537 3615 lit
559 3572 724 3632 numerus,
751 3553 790 3614 de
813 3573 874 3633 qua
897 3573 930 3614 re
954 3554 1086 3617 disserui
1107 3553 1148 3616 ad
1164 3555 1271 3635 Eurip.

183 3659 261 3718 ileo.
282 3658 355 3718 311.
389 3656 452 3719 Sed
467 3656 674 3736 conditiones,
700 3657 816 3738 quibus
834 3656 995 3738 indulgent
1009 3657 1068 3719 sibi
1083 3658 1163 3718 hanc
1177 3659 1275 3719 ratio-

183 3779 261 3821 nem
285 3759 550 3839 disponendorum
576 3760 759 3841 verborum,
793 3779 853 3823 non
884 3771 1084 3841 perspexerat
1109 3763 1271 3824 Porsonus.

183 3865 269 3925 Sunt
283 3873 388 3924 autem
403 3873 476 3926 tres.
510 3866 591 3944 Vna,
616 3864 674 3926 ubi
688 3883 738 3926 res
756 3865 823 3945 ipsa
839 3864 963 3926 videtur
977 3884 1144 3926 numerum
1160 3867 1275 3926 maiore

183 3986 262 4029 curn
275 3966 414 4048 pondere
429 3978 461 4028 et
474 3967 654 4029 difficultate
670 3967 865 4030 incedentem
880 3968 1047 4048 requirere,
1066 3977 1101 4029 ut
1116 3969 1148 4028 in
1163 3987 1281 4030 exem-,

183 4072 258 4153 plo,
283 4069 368 4152 quod
382 4072 488 4133 attuli:
514 4070 599 4151 quod
620 4090 731 4152 parum
754 4070 942 4133 considerate
965 4072 1071 4151 corrigi
1088 4070 1184 4132 voluit
1198 4073 1275 4132 Por-

183 4194 283 4240 sonus
306 4177 339 4236 in
361 4176 489 4255 epistola
510 4175 550 4237 ad
572 4174 758 4237 Dalzelium:
785 4172 855 4236 vide
877 4176 1017 4236 Museum
1039 4175 1104 4235 crit.
1125 4173 1270 4236 Cantabr.
