2804 4912
232 303 250 342 Χ
678 256 859 344 'Paullum

231 453 320 518 Haec
339 455 529 537 perversitas
549 460 694 537 quattuor
714 454 852 518 maxime
873 452 975 518 modis
995 451 1154 517 obscurari
1177 451 1227 515 vel
1250 451 1323 516 tulli

235 560 339 644 potius
353 568 468 644 potest.

316 669 422 734 Primo
448 670 476 735 si
502 671 636 753 primam
656 669 821 752 anapaesti
842 668 997 753 syllabam
1024 667 1099 733 facit
1121 688 1183 732 vox
1205 687 1323 734 munu-

232 777 356 861 syllaba
384 777 430 842 ita
456 798 526 843 cum
552 777 754 860 sequentibus
780 777 969 856 cohaerens,
1001 781 1124 840 utnon
1149 775 1252 860 possit
1277 776 1324 841 ad

232 885 456 967 praecedentia
470 884 563 950 trahi.
595 884 718 949 Eccles.
741 887 811 946 104.
838 883 976 948 Acharn.
995 887 1069 947 498.

319 1035 387 1102 νυνὶ
411 1032 451 1118 d’,
476 1034 566 1125 ὁρᾷς,
590 1031 730 1126 nudaret
752 1033 794 1101 τὰ
816 1030 941 1122 μέγιστ’
965 1034 998 1101 ἐν
1019 1040 1059 1125 τῇ
1081 1032 1191 1101 πόλει.

318 1141 350 1210 εἰ
372 1142 504 1226 πτωχὸς
526 1137 582 1224 dv,
607 1139 710 1211 ἔπειτ’
734 1141 768 1208 ἐν
791 1138 986 1231 Ἀθηναίοις
1008 1140 1121 1229 λέγειν.

233 1300 287 1366 Sic
302 1302 385 1366 enim
401 1302 525 1386 syllaba
539 1301 602 1367 ista
615 1321 735 1366 murum
751 1321 875 1366 omnem
890 1300 1109 1384 adspematur,
1132 1307 1165 1366 et
1179 1320 1256 1385 pars
1272 1308 1325 1367 est

233 1428 423 1476 anacruseus
437 1409 480 1475 ad
495 1415 677 1492 sequentem
691 1409 777 1474 arsin
793 1408 995 1492 pertinentis:

319 1559 367 1610 GL
385 1563 389 1648 p
405 1561 575 1612 wLQLe-

232 1718 349 1785 Contra
368 1740 486 1802 pravus
501 1726 549 1785 est
563 1739 690 1799 versus,
715 1719 742 1784 si
762 1739 801 1784 ca
815 1740 876 1786 vox
897 1740 968 1784 cum
989 1717 1249 1802 praecedentibus
1266 1741 1323 1786 cu-

232 1824 351 1905 haerct,
368 1834 403 1892 ut
417 1827 451 1892 in
466 1828 532 1908 illc,
550 1828 634 1910 quud
648 1828 826 1892 Brunckius
841 1826 929 1892 dedit
943 1827 977 1891 in
991 1825 1130 1891 Acham.
1149 1829 1223 1892 748.

318 1977 380 2065 ἐγώ
405 1977 442 2045 δὲ
464 1979 595 2067 καρυξιό
616 2004 657 2066 γα
679 1973 917 2059 Δικαιόπολιν,
941 1975 1021 2044 (lacu.

319 2153 464 2220 Secundo
484 2154 563 2219 nihil
589 2153 772 2219 offensionis
797 2154 892 2219 babet
918 2153 1029 2219 incisio
1054 2129 1090 2218 in
1112 2154 1169 2218 illa
1194 2154 1324 2238 syllaba

233 2259 329 2338 facta,
344 2259 371 2325 si
386 2262 494 2344 gravis
509 2281 641 2327 caesura
655 2268 729 2326 ante
744 2262 867 2326 tertiam
882 2260 967 2326 arsin
984 2261 1029 2326 fit.
1055 2262 1105 2326 Ita
1119 2262 1203 2326 enim
1218 2282 1322 2328 novus

232 2367 266 2432 in
285 2368 379 2434 tertia
398 2369 462 2434 arsi
482 2369 638 2453 incipiens
658 2388 805 2434 numerus
825 2375 911 2434 arcte
930 2368 1079 2450 coniungi
1099 2388 1209 2446 voces,
1236 2389 1322 2452 quae

234 2477 354 2543 suntin
369 2484 480 2559 quartu
494 2477 587 2561 pede,
605 2477 759 2561 pustulat:

319 2627 344 2677 ὖ
362 2631 366 2716 y
383 2629 576 2680 Lesa-Um-

235 2787 289 2853 Sic
303 2787 337 2853 in
351 2788 529 2874 Lysistrata
549 2807 580 2853 v,
599 2789 672 2850 768.
691 2786 725 2849 in
740 2785 861 2850 Avibus
883 2807 914 2851 v.
933 2790 1006 2849 441.
1025 2784 1058 2849 iu
1072 2784 1172 2849 Rauis
1191 2806 1223 2850 v.
1242 2789 1318 2849 652.

234 2898 309 2960 658.

319 3041 365 3132 μὴ
387 3035 635 3125 στασιάσωμεν·
659 3038 729 3108 ἔστι
753 3035 782 3105 d’
806 3035 824 3104 ὁ
846 3038 989 3128 χρησμὸς
1011 3036 1137 3105 οὑτοσί.
1204 3045 1206 3049 ’

321 3146 339 3216 ὃ
362 3147 621 3238 μαχαιροποιός,
644 3146 727 3236 μήτε
750 3147 880 3214 δάκνειν
902 3145 1040 3224 τούτοις
1062 3143 1130 3229 ἐμέ.

317 3250 509 3344 ιὄῖνθρωιιος
531 3254 628 3344 ἱερός.
652 3258 750 3340 δεῦρο
774 3252 877 3320 πάλιν
898 3252 1085 3340 βαδιστέον.

320 3361 355 3432 σι’
375 3362 413 3431 τὸ
437 3370 574 3451 ιιρᾶγμα
597 3360 710 3445 σοιτίς
732 3364 829 3446 δεῦρο
853 3358 956 3428 πάλιν
976 3359 1163 3444 βαδιστέον.

235 3521 327 3600 Quod
347 3541 437 3588 secus
452 3528 517 3601 est,
542 3521 629 3586 nulla
643 3519 821 3585 huiusmodi
837 3538 969 3585 caesura
983 3517 1208 3601 praecedente,
1233 3525 1267 3583 ut
1287 3520 1322 3584 in

235 3629 333 3695 Ranis
354 3652 385 3694 v.
408 3633 501 3693 13ο7.

321 3778 406 3869 πρὸς
427 3779 529 3871 ἥνπερ
553 3777 727 3870 ἐπιτήδεια
750 3776 822 3847 ru'd
848 3774 913 3848 ἔστ’
937 3770 1030 3868 ᾅδειν
1051 3776 1143 3865 μέλη.

235 3939 296 4005 Vbi
311 3946 433 4005 veteres
448 3939 520 4003 libri
536 3938 667 4004 rectius:

322 4090 407 4179 πρὸς
428 4088 530 4183 ἥνπερ
554 4087 755 4183 ἒιιιιινήδεια
777 4082 869 4157 ταῦτ’
894 4081 986 4180 ᾄδειν
1008 4087 1100 4180 μέλη.
