2804 4912
229 290 288 352 tol
505 246 510 255 Ι
642 305 698 350 tin.
720 308 762 350 m.
797 308 859 350 car.
880 309 899 350 r.

224 459 278 522 sed
291 462 516 540 compositionis
540 463 656 521 rationo
671 462 745 520 nihil
760 461 861 522 dillert
876 480 892 521 a
906 462 1016 539 quovis
1032 459 1091 521 alio
1103 469 1210 540 metro,
1224 461 1339 540 quod

223 585 262 626 ex
279 564 410 625 divorsis
432 563 578 624 membris
595 564 719 624 oosdcm
735 564 831 642 podes
848 563 1034 626 habentibus
1050 563 1166 625 lactum
1189 566 1235 624 sit.
1268 563 1343 623 Ex

224 686 285 747 quo
301 677 444 748 apparet,
473 668 580 728 inutile
602 678 811 729 commentum
832 686 900 728 csse
921 659 1032 747 μίξεις
1045 668 1113 728 illas
1129 657 1200 728 κατ’
1220 657 1346 727 ἄντι-

224 765 386 851 πάθειαν,
404 772 461 833 ubi
473 770 633 831 ordinibus
650 772 713 832 suis
727 790 837 833 versus
853 773 988 849 rnetiare,
1009 789 1070 830 non
1083 770 1242 831 arbitrario
1258 770 1346 829 in-

227 885 316 937 vento
339 874 543 956 dipodiarum.
586 874 625 934 m
646 876 737 935 ctiam
762 894 908 936 versuum
938 883 1253 952 asynartetorum
1311 879 1349 930 et

223 979 664 1058 polyschcmatistcrum
689 979 909 1057 appellationes
929 978 995 1038 aliis
1012 976 1241 1038 delinitionibus
1262 977 1348 1035 in-

225 1082 346 1161 digent,
367 1101 460 1161 quam
478 1101 557 1161 quae
573 1101 589 1141 a
607 1083 739 1142 metricis
755 1081 863 1142 allatae
879 1091 961 1140 sunt.

295 1288 333 1367 -§
349 1286 425 1350 455.
453 1289 513 1348 Nos
530 1297 625 1348 mctra
642 1308 694 1365 oa,
715 1308 794 1367 quaro
810 1308 870 1348 nou
887 1298 960 1348 sunt
982 1289 1204 1367 simplicia,
1227 1282 1355 1347 divi-

224 1393 327 1455 dimus
343 1394 372 1451 in
389 1393 965 1471 versusmixtosotcompositos.
1000 1392 1269 1470 Mixtisuntqui
1299 1401 1358 1444 ex

225 1495 354 1556 divorsis
371 1496 507 1555 numeris
530 1496 560 1553 in
579 1515 674 1555 unum
692 1494 827 1554 conlusis
843 1504 1001 1570 constant;
1029 1495 1254 1574 compositi,
1312 1489 1358 1546 in

225 1598 341 1678 quibus
354 1599 458 1677 plures
471 1600 590 1657 numeri
610 1601 647 1657 ita
661 1608 735 1659 sunt
746 1598 887 1678 copulati,
907 1609 943 1658 ut
954 1598 1080 1658 seorsim
1094 1599 1171 1659 alter
1183 1598 1360 1658 alterurn

226 1711 383 1781 sequatur.
427 1770 430 1775 ⁸

310 1905 422 1989 §loll
448 1910 583 1970 Mixtio
599 1908 714 1988 duplex
732 1920 788 1969 ost.
816 1909 890 1967 Nam
908 1919 961 1969 aut
973 1909 1078 1988 plurcs
1097 1911 1217 1970 uumori
1231 1910 1355 1977 vicos

226 2031 298 2076 suas
311 2023 509 2092 commutant,
530 2022 564 2074 ut
575 2013 652 2073 altcr
664 2031 719 2090 pro
731 2013 825 2072 altoro
837 2022 987 2090 ponatur:
1007 2032 1140 2093 quorum
1153 2011 1351 2091 cisionis-

226 2136 287 2195 quo
303 2135 357 2193 pcr
373 2136 406 2175 sc
421 2117 552 2194 simplcx
568 2126 632 2196 cst,
660 2125 761 2175 tamen
778 2116 830 2194 qui
854 2135 891 2175 cx
909 2115 1061 2176 ambobus
1081 2117 1233 2177 conllatur
1246 2129 1346 2175 nu·-

226 2238 348 2298 mcruS,
368 2221 439 2298 quia
458 2238 558 2298 ncquo
575 2219 637 2298 liic,
662 2238 761 2298 ncquc
778 2219 838 2296 illc,
857 2218 911 2279 scd
928 2220 1155 2280 commutabilis
1171 2218 1335 2299 quidam,

227 2332 393 2402 utrumque
409 2324 439 2382 in
456 2342 489 2383 se
505 2321 784 2401 comprohendenS,
809 2331 872 2399 cst,
896 2340 958 2382 uon
973 2333 1074 2400 potest
1089 2342 1147 2384 noc
1161 2316 1333 2403 sinplici-

227 2424 303 2504 buS,
331 2444 433 2504 noque
453 2426 627 2505 compositis
643 2424 851 2487 adnumerari.
887 2426 922 2485 lli
939 2435 1012 2486 sunt
1032 2427 1093 2505 pol
1107 2427 1323 2504 yschemc-

226 2529 326 2588 tisti.
364 2528 466 2589 Altera
491 2529 645 2590 mixtionis
669 2531 743 2589 ratio
766 2537 828 2607 cst,
855 2548 952 2608 quum
974 2529 1087 2590 divorsi
1109 2531 1230 2590 numeri
1249 2536 1316 2587 uuo

226 2630 331 2692 ordine
346 2632 518 2710 cohaerent,
538 2651 627 2712 quos,
647 2633 672 2693 si
689 2632 793 2692 fortior
805 2631 982 2693 debiliorem
995 2632 1162 2712 praecedit,
1183 2626 1308 2693 immi-

226 2743 360 2813 nutos,
390 2737 416 2795 si
446 2735 576 2795 debilior
603 2735 775 2813 fortiorem,
812 2744 1021 2796 concretos
1048 2755 1204 2800 vocamus.
1236 2726 1302 2797 vile
1393 2754 1395 2773 ¹

225 2835 261 2918 §s
278 2838 329 2898 oo.
350 2839 400 2899 or.

311 3041 427 3122 §lot
454 3045 573 3125 Duplex
592 3054 639 3106 ost
654 3047 744 3106 otiam
761 3048 1002 3127 compositio.
1029 3048 1075 3109 Fit
1090 3048 1173 3109 onim
1189 3055 1242 3110 aut
1253 3054 1296 3125 per

227 3148 528 3228 cohaerentiam,
559 3168 653 3228 quam
680 3140 862 3236 συνάφειαν
885 3150 991 3211 Gracci
1017 3149 1142 3230 dicunt,
1174 3147 1295 3231 quaein

226 3253 424 3311 commissura
448 3251 580 3313 duarum
597 3254 730 3332 partium
755 3253 829 3312 nihil
855 3253 919 3314 licri
934 3256 1066 3334 patitur,
1093 3254 1178 3334 quod
1196 3271 1297 3335 perpe·

228 3355 365 3414 tuilatcm
382 3356 526 3416 orationis
541 3357 762 3434 interrumpat,
783 3366 837 3417 aut
858 3359 945 3417 sine
966 3356 1145 3437 vinculo,
1172 3359 1301 3438 quisunt
1393 3344 1395 3353 Α

226 3459 465 3538 asynarteti,
499 3460 668 3538 inquibus
697 3470 728 3521 ct
750 3461 924 3540 perpetuari
948 3461 1043 3519 oratio
1071 3470 1102 3522 et
1129 3458 1304 3539 interrumpi

226 3571 335 3639 potest.

311 3768 335 3848 ὕ
350 3767 427 3833 458.
454 3768 604 3849 Apertum
620 3780 683 3849 cst,
704 3771 799 3834 multa
816 3791 922 3835 eorum
938 3780 1124 3847 metrorum,
1143 3771 1312 3856 dequibus

226 3872 255 3930 in
272 3873 408 3933 secundo
423 3874 500 3934 libro
516 3874 633 3936 dictum
650 3886 712 3955 est,
732 3875 773 3955 ad
789 3878 881 3938 mixta
899 3887 930 3938 ct
945 3879 1111 3957 composita
1128 3878 1240 3941 relen'i
1255 3880 1314 3942 dc-
1392 3916 1395 3929 =

227 3974 258 4035 br
269 3994 311 4035 re.
338 3977 414 4036 Nam
428 3996 525 4056 quum
538 3977 576 4038 de
592 3979 698 4039 metris
714 3980 907 4059 simplicibus
919 3979 1082 4060 diceretur,
1102 4000 1184 4061 quac
1198 4002 1240 4044 ex
1255 4004 1316 4047 uno

224 4098 336 4157 gonoro
348 4082 469 4140 numeri
485 4091 635 4160 constant,
656 4083 720 4142 lieri
733 4102 792 4142 non
806 4093 933 4163 poterat,
950 4084 1024 4162 quin
1041 4084 1133 4144 simul
1145 4088 1318 4150 nonnullae

225 4186 316 4244 otiam
339 4184 460 4244 illarum
483 4184 647 4245 formarum
672 4195 997 4264 commemorarentur,
1024 4189 1191 4266 inquibus
1212 4193 1319 4273 aliqua
