2804 4912
155 257 193 320 88
556 274 612 317 tro.
632 274 665 316 τι.
692 273 754 316 our.
774 272 833 315 ur.

152 429 290 491 Creticus
306 436 420 506 eutem,
435 428 467 489 in
483 445 631 508 paeonem
647 434 794 507 quartum
808 426 939 504 solutus,
956 426 987 486 in
999 427 1109 509 Eurip.
1126 426 1238 488 Phoen.

155 533 226 593 161.
245 531 296 594 ed.
315 533 397 597 Pors.

239 621 278 707 ὃς
298 627 341 697 ἔτι
379 627 462 715 ἒμὰν
483 626 584 696 πόλιν
605 624 667 716 ἔβα
689 627 831 718 πέρσων.

153 735 239 800 idern
254 737 413 799 subiectus
429 737 569 799 dochmio
584 739 616 798 in
631 735 741 800 Aesoh.
759 737 857 799 Prom.
881 739 952 798 tt7.

241 835 330 903 ἵκετο
352 837 523 925 τερμόνιον
545 833 589 904 ε’ντ
625 833 745 923 πάγον.

154 944 291 1006 Creticus
322 947 352 1006 in
383 946 521 1025 quinque
550 944 662 1006 breves
687 943 807 1008 solutus
834 946 912 1005 inter
940 943 1058 1006 medios
1082 942 1246 1006 dochmios

154 1056 256 1109 exstat
270 1048 302 1107 in
317 1047 410 1129 Soph.
430 1046 506 1109 Oed.
526 1049 561 1108 R.
584 1040 656 1110 661.
680 1049 720 1129 (ν.
740 1044 757 1129 §
775 1046 860 1120 629.)

240 1143 324 1213 θεὸν
345 1142 478 1234 πρόμον
499 1141 627 1211 Ἅλιον·
650 1143 726 1212 ἐπεὶ
748 1137 853 1224 Citieos
884 1137 1024 1245 ipsios,

284 1245 359 1318 ότι
380 1245 534 1334 πύματον

242 1345 395 1436 όλοόμαν,
418 1352 580 1443 φρόνησιν
604 1348 636 1419 εἰ
656 1346 748 1417 τόνδ’
772 1347 845 1434 ἔχω.

240 1563 264 1644 ἦ
279 1559 356 1628 260.
383 1564 482 1644 Saepe
497 1583 646 1627 veronen
662 1572 763 1646 potest
777 1562 923 1642 dubitari,
942 1565 1019 1643 quin
1030 1564 1172 1627 Creticus
1186 1566 1239 1626 iste

155 1667 304 1731 dochmiis
324 1668 449 1730 iunctus
471 1688 533 1730 non
556 1670 597 1729 sit
619 1687 690 1728 vere
712 1643 863 1746 Creticus,
889 1668 909 1728 i.
928 1687 956 1727 e.
975 1667 1051 1729 ordo
1073 1667 1235 1730 trochaicus

156 1773 188 1831 in
210 1770 347 1833 secunda
369 1773 430 1833 arsi
451 1773 572 1851 finitus,
599 1771 656 1833 sed
677 1789 749 1853 pars
769 1770 889 1832 numeri
912 1769 1096 1849 dochmiaci,
1123 1790 1162 1832 ex
1181 1771 1231 1833 arsi
1287 1824 1290 1829 .

157 1872 242 1934 nude
258 1883 289 1936 et
304 1876 406 1938 iambo
421 1884 574 1937 constans
608 1875 675 1947 Quo
691 1875 734 1953 iit,
758 1882 794 1935 ut
808 1873 909 1936 media
924 1873 1045 1955 syllaba
1060 1892 1174 1955 anceps
1186 1874 1227 1953 sit,
1292 1870 1295 1893 ⁶

157 1986 188 2039 et
201 1976 364 2040 Molossum
385 1997 441 2057 pro
456 1978 574 2041 Cretico
593 1978 665 2058 poni
681 1977 779 2038 liceat.
812 1974 914 2058 Atque
934 1979 991 2038 etsi
1011 1977 1238 2059 plerumqueiu

157 2082 382 2162 antistrophicis
405 2079 569 2159 utrobique
591 2080 641 2142 vel
659 2080 768 2144 Cretici
791 2081 840 2142 uel
860 2082 979 2142 Molossi
1002 2091 1247 2159 servantum-ut

156 2185 188 2245 in
203 2183 311 2245 Oreste
330 2187 401 2246 tit.
423 2182 493 2245 157.

243 2270 265 2348 ἆ
288 2270 322 2365 ἆ,
345 2279 499 2371 σύριγγος
520 2279 644 2362 ό-ντως
665 2281 779 2350 mosei.

243 2379 343 2468 ὀλεῖς,
367 2381 399 2453 εἰ
419 2383 766 2476 βλέφαρα-κινήσεις·

157 2496 201 2555 sic
222 2493 304 2555 enim
324 2494 444 2574 potius,
471 2512 566 2574 quarn
587 2513 627 2556 ex
642 2494 769 2556 Bacchio
787 2503 818 2556 et
840 2494 982 2557 dochmio
996 2496 1155 2575 compositi
1168 2496 1258 2554 sunt
1291 2568 1295 2581 1

157 2598 186 2659 1ιὶ
204 2614 331 2659 versus:
358 2606 462 2658 temen
483 2605 531 2658 est
551 2599 644 2660 etiem
666 2598 719 2660 ubi
734 2598 872 2661 Creticus
893 2608 924 2660 et
938 2600 1087 2663 Molossus
1106 2598 1164 2661 sibi
1186 2612 1262 2655 re·
1293 2586 1295 2593 ’

157 2700 338 2782 spondeant.
365 2701 472 2781 Eurip.
492 2702 553 2762 ion.
575 2700 647 2763 677.
671 2702 711 2785 (ν.
731 2702 827 2764 Elem.
847 2700 878 2762 d.
899 2722 939 2763 m.
960 2723 990 2784 p.
1011 2700 1084 2765 272.
1103 2699 1182 2783 seq.)

243 2793 311 2888 ὁρῶ
334 2795 461 2888 όάκρνα
483 2795 769 2883 καὶ-πενθίμους.

244 2895 355 2993 φίλαι,
378 2897 491 2992 πότερ’
515 2899 789 2993 ἐμᾷ-δεσποίνᾳ.

157 3012 222 3074 Nisi
237 3002 419 3097 ντενθήρτις
433 3012 564 3092 scripsit.

241 3215 358 3300 5261.
385 3221 452 3282 Duo
467 3218 644 3281 huiusmodi
660 3220 769 3283 Cretici
785 3219 839 3281 uhi
853 3221 1091 3300 coniunguntur,
1111 3206 1295 3283 dubiost

158 3323 254 3387 videri
268 3334 370 3405 potest
385 3333 489 3387 utrum
505 3325 551 3384 sic
566 3322 712 3386 metiendi
727 3323 805 3384 sint:

243 3426 267 3472 .‘.
281 3422 346 3511 to:
357 3423 401 3511 HL
415 3424 419 3512 Ι
432 3421 481 3472 ῦέ.

158 3551 198 3594 en
213 3551 253 3594 ex
275 3533 336 3594 arsi
351 3540 383 3595 et
397 3530 538 3593 dochmio
554 3537 710 3609 constent,
735 3529 774 3592 de
790 3547 852 3610 quo
867 3547 978 3610 genere
994 3528 1111 3621 dictum
1134 3527 1153 3612 §
1169 3502 1295 3589 ἰῇ

159 3637 216 3698 hoo
234 3634 324 3697 modo

244 3731 481 3822 ΔρΙῦΛρΔρῦΔ

158 3840 397 3905 Diiudieandum
412 3843 469 3904 hoc
484 3841 609 3904 videtur
624 3861 663 3903 ex
677 3861 723 3919 eo,
746 3839 831 3921 quod
846 3859 971 3921 quoque
986 3841 1050 3903 loco
1066 3844 1169 3924 aptius
1183 3840 1273 3903 ff

159 3949 202 4008 lta
218 3947 302 4026 prior
317 3948 393 4008 ratio
409 3944 584 4008 adhibenda
600 3945 632 4006 in
647 3945 694 4005 his
708 3944 859 4006 Prometh.
878 3947 949 4005 590.

243 4040 353 4122 κλόεις
375 4043 513 4135 φθέγμα
534 4039 988 4131 τᾶς-βοόκεραν-παρθένον.

159 4153 307 4215 Posterior
322 4153 352 4213 in
370 4152 511 4217 versibus
526 4151 544 4237 ᾗ
560 4154 632 4215 sot.
652 4151 762 4214 allatis.
