2804 4912
39 261 44 271 ¹
154 272 218 332 230
544 289 600 333 nn.
622 291 665 332 ιιι.
694 290 759 332 car.
779 290 875 352 arur⁸¹

156 443 189 504 in
204 443 354 524 exemplis
367 446 519 506 rt.-29.
535 441 620 524 quod
634 462 734 523 genus
746 442 933 509 divisionum
948 446 1115 526 pessimum
1126 414 1173 525 cot
1187 456 1213 508 ut

156 545 539 628 obminPind.Pytb.X.
561 550 611 609 46.
738 582 775 639 ,

240 661 336 741 τέλος
356 657 440 750 ἀρχά
462 685 499 730 τε
519 659 642 747 δαίμο-

240 790 297 844 νος
317 760 480 855 ὀρνύντος,
505 759 650 848 atenac

88 879 89 882 ί
156 918 186 971 ct
200 910 288 991 peius
304 911 413 988 etiam,
436 907 537 989 qualis
553 910 798 973 constituebatur
819 912 851 971 in
869 911 1029 990 Sophoclis
1046 910 1138 993 Antig.
1158 912 1210 974 tii.

240 1029 331 1092 θεῶν
353 1023 391 1093 δὲ
411 1023 512 1103 ναούς
530 1029 646 1113 χοροῖς
667 1024 794 1092 παννί-

239 1152 313 1212 χοις
333 1125 461 1206 πάντας
482 1124 689 1213 ἐπέλθωμεν.

155 1254 219 1316 Sod
233 1255 330 1317 iertur
344 1255 420 1316 haec
431 1252 551 1333 divisio,
570 1255 626 1316 ubi
637 1255 758 1335 longam
775 1256 876 1318 thesin
891 1255 997 1319 brevis
1013 1259 1214 1320 anacmiscr-

158 1361 241 1440 cipit,
261 1377 340 1439 quae
355 1359 432 1420 ratio
442 1376 538 1438 propo
554 1357 673 1420 accedit
687 1358 728 1421 ad
744 1361 887 1421 usitatam
900 1360 1042 1423 vocabuli
1058 1361 1214 1443 pronuntia-

155 1465 280 1541 tionem,
300 1464 381 1525 utin
396 1463 537 1542 exemplo
552 1464 604 1524 ct.
638 1463 688 1524 Sic
703 1462 854 1526 Pindarus
868 1464 954 1544 Pyth.
976 1466 1049 1528 Viil.
1070 1467 1118 1528 λθ.

243 1575 366 1668 Τυφὼς
386 1574 489 1659 Κίλιξ
508 1573 709 1666 ἑκατόγκρα-

241 1706 297 1760 νος
316 1674 358 1749 οίί
376 1705 439 1766 μιν
462 1674 547 1763 itta}
584 1731 591 1746 .

239 1889 356 1973 §624
391 1895 511 1956 Tertius
535 1893 644 1957 modus
666 1904 727 1975 est,
752 1914 849 1976 quum
873 1897 957 1977 prior
979 1899 1062 1961 vocis
1083 1916 1149 1978 pars
1171 1895 1216 1956 arsi

154 2007 247 2076 caret,
265 2016 327 2060 non
343 2005 446 2059 autem
462 1996 609 2078 secunda,
628 2007 664 2060 ut
678 2000 709 2060 in
725 1999 875 2078 exemplis
892 2002 983 2062 o.-t
993 2004 1021 2062 i.
1052 2003 1130 2065 Haec
1143 2017 1216 2080 prava

154 2099 264 2162 divisio
279 2109 343 2180 ast,
362 2110 398 2163 ut
413 2101 484 2162 olim
499 2100 585 2164 ib'nd.
605 2102 692 2182 Pyth.
712 2100 747 2164 ΙΙ.
768 2105 818 2164 st.

240 2212 381 2305 ἐμίγνυτ’
398 2215 432 2284 ἐν
446 2222 520 2285 Πα-

238 2317 314 2387 λίοο
336 2322 488 2410 σφυροῖς,
513 2318 549 2388 ἐν
572 2315 603 2388 δ’
625 2317 773 2410 ἐγένοντο
797 2321 947 2418 στρατός.

239 2463 279 2525 lit
293 2465 378 2544 peior
393 2464 496 2543 ctiam,
516 2465 542 2526 si
557 2463 646 2544 longa
662 2472 710 2526 est
724 2449 893 2546 anaemais,
913 2477 948 2530 ut
963 2469 1050 2532 Nam.
1070 2473 1117 2534 tv.
1138 2471 1180 2532 82.

238 2574 527 2664 Nacmriicpcocri'
551 2573 590 2644 ἇ-

240 2681 348 2774 νιοίρῳ
372 2680 567 2773 διαπρυσίᾳ.

238 2911 353 2995 ξ625.
385 2915 520 2986 Quartus
543 2910 670 2991 modus,
695 2916 785 2994 isque
808 2919 891 2978 omni
913 2938 952 2978 ex
975 2930 1064 2999 parte
1086 2922 1223 3002 pessimus

153 3028 217 3098 est,
242 3038 339 3099 quum
362 3025 494 3097 utraque
518 3016 657 3078 vocabuli
685 3036 757 3098 pars
784 3019 846 3082 ictu
870 3034 969 3101 carot,
997 3043 1096 3104 caquc
1118 3043 1149 3084 re
1175 3030 1224 3084 tota

152 3141 213 3184 vox
234 3121 362 3184 induas
383 3139 513 3183 numero
534 3119 697 3182 destitutas
721 3132 823 3200 partos
840 3123 962 3186 diffluit.
998 3127 1037 3188 Vt
1051 3127 1135 3208 apud
1149 3123 1221 3188 Pind.

153 3225 200 3286 01.
220 3225 242 3286 1.
263 3228 292 3286 3.

238 3337 297 3408 ἅττ
316 3337 498 3428 διαπρέπει
514 3365 569 3406 νο-

237 3443 291 3514 κτί
304 3441 488 3533 μεγάνορος
503 3439 601 3528 ἔξοχα
616 3441 781 3511 πλούτου·

153 3601 184 3652 et
200 3611 229 3651 v.
252 3590 321 3650 tct.

238 3703 368 3771 ὕπατον
391 3701 522 3792 ἔρχεται
547 3729 631 3770 παν-

238 3807 271 3874 τί
291 3813 421 3896 βροτῷ·
445 3806 504 3892 ἐμὲ
525 3805 562 3875 δὲ
585 3815 814 3898 στεφανῶσαι

152 3961 182 4013 ec
197 3952 282 4032 Pyth.
302 3953 376 4013 vul.
397 3954 448 4014 ca.
738 3912 740 3916 ⁴

238 4068 274 4137 ἑκ
296 4069 450 4157 πατέρων
469 4091 550 4135 παι-

234 4169 273 4243 ὀὶ
294 4175 392 4263 λῆμα.
419 4174 572 4258 θαέομαι
593 4174 706 4265 σαφές.
