2804 4912
537 281 700 325 norontem
717 284 734 324 a
751 282 866 325 ninom.
1189 265 1246 326 147

158 433 224 497 Sed
239 442 275 496 ut
289 436 321 496 in
336 434 445 496 Ionicis
468 452 485 494 a
509 436 615 496 maiori
637 434 700 497 duo
722 436 856 497 trochaei
870 433 911 496 ad
925 433 1109 497 variandum
1131 453 1248 497 nume-

158 557 231 598 rum
247 536 449 616 adhibentur,
477 539 518 600 ita
532 540 565 599 in
581 539 689 600 loniois
704 558 722 601 a
737 539 847 600 minori
862 536 924 600 duo
939 537 1051 618 iambi,
1070 538 1127 599 hoc
1143 539 1244 620 modo,

158 650 197 702 ut
223 642 301 702 arsis
326 641 411 704 nuda
437 643 468 703 in
494 642 632 703 iambum
659 651 810 720 mutetur,
840 651 871 703 et
897 640 1009 704 deinde
1032 643 1085 722 qui
1107 644 1249 723 sequitur

157 752 364 825 anapaestus,
390 747 456 826 ipse
479 764 602 826 quoque
623 745 746 809 iambus
768 747 835 826 fiat,
862 764 923 827 quo
945 754 1080 827 tempora
1104 755 1249 808 maneant

158 846 285 909 cadom:

246 983 355 1031 wLL
368 981 372 1070 Ι
385 984 494 1033 wLL

246 1083 495 1173 υυέῦέΙυ-’έ

156 1210 240 1271 llaec
263 1211 339 1272 ratio
360 1219 489 1273 vocatur
510 1201 708 1290 ἀνάκλασις,
734 1230 908 1294 versusque
928 1215 986 1296 ipsi
1009 1205 1245 1296 ἄνακλα’μννοι,

158 1314 310 1394 quianon
326 1315 357 1374 in
373 1333 435 1375 uno
457 1315 537 1395 pede
552 1317 652 1378 lonico
674 1317 801 1379 mutatio
823 1321 944 1379 numeri
966 1318 1017 1399 iit,
1044 1317 1146 1381 sedin
1161 1318 1246 1381 duo—

158 1417 231 1496 bus,
251 1417 377 1479 alterius
392 1419 463 1498 linc,
490 1419 615 1482 alterius
630 1422 717 1482 initio
732 1429 859 1484 mutato.
890 1422 1004 1483 Metrici
1019 1424 1102 1483 enim
1117 1424 1161 1484 sic
1177 1431 1246 1484 sta-

158 1529 261 1600 tuunt,
277 1509 467 1601 postremum
483 1532 606 1603 tempus
621 1525 694 1604 pedi
710 1525 871 1606 demptum
886 1524 977 1586 adiici
991 1527 1090 1606 primo
1106 1544 1246 1606 sequen-

157 1625 198 1686 tis
212 1623 303 1703 pedis
318 1628 465 1706 tempori:
801 1653 803 1658 ·

248 1777 343 1810 w..
352 1767 466 1810 υυ.-’

245 1880 342 1915 Vol-U
352 1881 444 1914 A)...

242 2123 360 2207 5429.
386 2127 486 2206 Lyrici
496 2125 663 2190 Aeolenses
679 2131 812 2190 maxime
828 2147 867 2190 ex
882 2130 968 2210 puris
984 2128 1119 2209 pedibus
1134 2130 1243 2191 Ionicis

157 2230 267 2293 iecisse
287 2232 343 2294 hos
366 2250 476 2294 versus
498 2230 660 2311 videntum
686 2233 779 2295 lonici
800 2241 904 2295 autem
924 2233 1013 2314 lyrici
1035 2242 1066 2295 et
1086 2233 1243 2296 anaclasin

157 2353 336 2415 usurpasse,
363 2336 440 2396 etin
456 2355 491 2397 ea
506 2336 637 2416 primam
654 2336 737 2398 arsin
754 2336 899 2416 solvisse3
926 2337 1060 2400 mediam
1076 2336 1243 2417 quamdam

157 2440 306 2500 rationem
322 2440 458 2500 tenuisse
473 2440 596 2519 scenici,
617 2448 652 2502 ut
667 2440 771 2520 tragici
788 2442 885 2521 magis
900 2439 1066 2503 Acolenses
1082 2450 1243 2502 sectaren—

157 2551 225 2620 tur,
251 2552 416 2622 anapaesto
438 2562 530 2622 saepe
552 2543 600 2605 his
615 2543 752 2604 numeris
775 2541 927 2625 admixto,
954 2546 1060 2606 comici
1076 2545 1172 2625 magis
1187 2563 1244 2606 se-

156 2653 328 2725 querentur
342 2647 469 2709 Ionicos.

242 2903 360 2986 §Aac
394 2907 529 2968 Dimetro
551 2907 726 2969 catalectico
741 2906 918 2971 Timocreon
940 2908 1094 2987 integrum
1117 2925 1241 2970 carmen

154 3008 331 3071 condidisse
347 3009 475 3073 dicitur:

241 3124 382 3205 Σικελὸς
402 3124 538 3216 κομψὸς
559 3121 640 3217 ἀνὴρ

243 3227 325 3296 ποτὶ
346 3228 407 3296 τᾶν
427 3224 540 3319 ματέρ’
565 3227 642 3322 ἔφα.

152 3357 255 3418 Etiam
282 3355 422 3436 Sappho,
452 3354 601 3432 Alcaeus,
630 3363 662 3415 et
683 3354 812 3417 Alcman
837 3357 953 3437 integra
979 3357 1079 3418 Ionica
1105 3358 1241 3418 carmina

152 3458 304 3520 fecerunt.
331 3457 476 3521 Alcman:

238 3572 373 3642 Ἑκατὸν
394 3573 454 3659 μὲν
475 3570 562 3651 Διὸς
582 3570 656 3640 υἱὸν

242 3676 323 3744 τάδε
345 3682 474 3744 Μῶσαι
495 3673 735 3767 κροκόπεπλον.

153 3805 194 3866 Et
210 3803 350 3885 Sappho:

240 3916 275 3986 τί
295 3943 338 4004 με
362 3918 546 3998 Πανδιονὶς
567 3909 594 3984 ὦ
613 3911 733 4009 ”ραννἀ
754 3916 904 4003 χελιδών.

151 4048 254 4119 Quem
270 4061 396 4106 versum
413 4045 623 4106 catalecticum
639 4043 711 4106 fecit
724 4042 901 4106 Anacreon:

240 4158 407 4229 Διονύσον
431 4155 556 4227 calciat
576 4157 795 4246 Βασσαρίδες.

979 4281 1034 4330 10*
