2804 4912
156 284 218 346 234
552 302 607 343 arr.
628 301 672 342 m.
708 299 769 340 ear.
789 298 848 341 nx.

153 455 291 538 Apparet
305 475 388 535 vero,
408 458 440 516 in
456 456 554 536 prima
570 454 680 515 harum
697 451 885 514 divisionum
901 471 964 513 non
979 452 1133 533 eleganter
1144 456 1247 517 verm

154 549 277 638 ἄθεος,
311 552 436 645 ἄφιλος
464 567 495 620 et
525 549 801 642 σαραφρόνιμαν,
836 545 986 639 ἔπορον,
1023 575 1104 637 quaa
1130 573 1231 621 sensus

154 665 296 745 coniungi
310 662 461 744 postulat,
487 663 520 722 in
542 659 604 723 duo
627 659 766 720 membra
781 658 904 738 divelli;
928 661 963 723 in
985 659 1122 723 secunda
1135 669 1220 723 auem
1278 683 1283 719 r

155 767 251 830 multo
277 767 366 845 peius
393 766 485 826 etiam
509 765 662 826 Creticum
688 763 720 823 in
746 762 878 841 syllabis
903 783 966 827 uon
991 766 1124 844 integras
1147 779 1214 825 voces
1274 777 1283 816 t

154 870 376 947 efficientibus,
403 869 562 948 multoque
584 867 686 928 minus
709 884 836 929 sensum
857 867 992 947 aliquem
1019 866 1212 950 praebentibus
1271 880 1275 905 ⁴

154 974 306 1036 constitui.
339 970 430 1046 Quod
450 980 554 1032 eontra
577 989 672 1051 quam
694 972 782 1032 tertio
805 972 870 1032 loeo
893 971 1058 1051 posuimus
1079 972 1209 1045 rationem,
1244 968 1247 973 ’
1273 1010 1276 1015 -

153 1080 195 1140 ita
213 1074 385 1156 ‘elegantem
407 1095 476 1138 esse
491 1074 652 1152 videmus,
679 1081 714 1135 ut
736 1093 805 1135 cam
826 1075 933 1136 merito
956 1076 1067 1137 ceteris
1088 1073 1213 1157 praeferre

154 1178 333 1242 debeamus.
373 1181 449 1240 Nam
480 1166 581 1258 neque
611 1177 786 1239 membrum
815 1177 909 1239 habet
930 1198 971 1240 ex
996 1179 1124 1258 syllabis
1145 1194 1216 1240 sensu

154 1283 330 1345 carentibus
361 1282 581 1361 compositum;
615 1290 752 1361 atquae
782 1282 925 1362 coniungi
954 1301 1069 1345 sensus
1095 1281 1218 1365 pmtulat,

153 1379 236 1448 θεὸν
259 1379 387 1472 πρόμον
402 1376 535 1460 Ἅλιον,
556 1394 587 1446 et
615 1372 722 1458 ἄθεος
745 1373 887 1470 ἄφιλος,
916 1392 947 1446 et
968 1379 1222 1472 παραφρόνιμστ,

153 1478 298 1573 ἄστρον,
322 1490 484 1550 coniuncta
507 1497 597 1565 sunt;
622 1497 653 1549 et
669 1489 806 1549 Creticus
828 1507 864 1548 eo
880 1488 962 1567 loco,
987 1491 1043 1569 qui
1066 1490 1227 1570 aptissimus

154 1603 212 1672 cst,
232 1593 331 1672 iisque
347 1593 378 1653 in
395 1591 540 1670 vocibuS‚
567 1609 646 1670 quae
669 1592 854 1672 singularem
878 1593 941 1653 vim
965 1591 1099 1673 habent,
1126 1592 1231 1655 consti·
1281 1670 1283 1675 Α

154 1705 240 1758 tutus
256 1697 408 1772 cernitur;
433 1702 605 1776 postremo,
628 1696 654 1755 si
668 1695 700 1756 bi
715 1713 826 1757 versus
843 1693 1014 1757 seeundum
1039 1697 1123 1757 hanc
1142 1715 1236 1757 mem-

155 1799 282 1861 brorum
298 1798 480 1861 divisionem
496 1800 678 1878 recitantur,
697 1799 772 1860 nihil
788 1807 836 1860 est
851 1818 1004 1878 usquam,
1024 1799 1113 1881 quod
1128 1800 1239 1863 auditor

154 1921 216 1964 non
246 1901 336 1965 modo
362 1905 465 1964 statim
491 1903 654 1984 percipiat,
688 1901 862 1964 sedetiam
889 1903 930 1964 ita
956 1912 1029 1984 apte
1057 1912 1089 1965 et
1116 1907 1244 1986 graviter

155 2006 335 2068 collocatum
356 2006 596 2084 animadvertat,
623 2016 658 2068 ut
679 2024 736 2068 sua
759 2005 887 2086 singulis
903 2005 1008 2068 verbis
1029 2026 1067 2068 ac
1089 2008 1245 2072 sentenb'is

157 2111 203 2170 vis
219 2119 250 2170 et
264 2110 364 2171 virtus
380 2119 505 2171 constet.

584 2581 695 2651 OAP.
712 2582 824 2652 xlx.

271 2751 330 2820 De
359 2773 437 2822 usu
465 2750 845 2846 antistropharum
873 2753 1141 2824 summatim.

239 2933 356 3017 §osb
382 2939 488 2998 Graeci
509 2939 540 2998 in
562 2941 644 2999 omni
666 2939 769 3019 poesi,
796 2938 930 2998 maxime
952 2945 1061 2999 autem
1084 2941 1120 3001 in
1145 2943 1248 3023 lyrica,

155 3051 185 3103 et
208 3043 305 3121 magis
327 3043 418 3103 etiam
441 3043 472 3102 in
494 3043 613 3103 scenica
637 3060 746 3121 magno
769 3039 870 3102 studio
893 3022 1057 3120 aequalem
1079 3045 1251 3123 quamdam

154 3146 287 3226 partium
311 3148 568 3225 comparationem
584 3145 749 3207 consectati
764 3154 846 3206 sunt.
881 3145 967 3216 Quae
984 3162 1033 3204 res
1052 3154 1090 3206 ut
1104 3147 1151 3209 ad
1167 3151 1252 3211 mul-

155 3247 269 3311 cendos
285 3266 320 3307 ac
336 3245 534 3309 deleniendos
558 3249 675 3309 animos
699 3247 874 3309 auditorum
891 3247 1036 3308 eximiam
1061 3254 1251 3315 suavitatem

155 3351 265 3430 babet,
292 3352 331 3412 ita
356 3352 501 3430 singulari
523 3361 588 3412 arte
610 3350 650 3412 ad
673 3351 782 3410 miram
799 3351 977 3411 varietatem
1000 3349 1144 3417 adducta
1160 3366 1252 3438 atque

155 3455 277 3517 exculta
293 3464 348 3517 est.

240 3677 356 3760 5631.
383 3680 495 3739 Metriei
513 3680 658 3758 carmina,
678 3677 761 3759 quod
776 3676 818 3740 ad
832 3679 1031 3758 repetitiones
1048 3699 1252 3748 numerorum

155 3785 273 3862 attinet,
292 3785 324 3843 in
340 3782 402 3845 duo
417 3801 528 3863 genera
544 3780 697 3860 dividunt,
718 3801 797 3864 quae
814 3774 918 3842 κατὰ
934 3772 1084 3860 στίχον
1099 3795 1133 3846 et
1149 3781 1253 3851 κατὰ

156 3879 357 3968 σύστημα,
374 3888 439 3948 sive
456 3877 765 3968 σσστηματικά,
784 3894 938 3946 vocantur.
969 3878 1091 3948 Κατὰ
1107 3884 1254 3970 στίχοι

156 3999 246 4066 sunt,
274 4007 353 4067 quae
376 3988 590 4051 tantummodo
612 4008 652 4049 ex
672 3988 817 4049 versibus
839 3990 1004 4068 composita
1027 4000 1121 4068 sunt;
1149 3987 1254 4057 κατὰ

156 4084 362 4174 σύστημα,
391 4110 470 4171 quac
501 4113 541 4154 es
566 4095 742 4171 systematis
766 4091 815 4153 vel
842 4076 986 4172 strophis.
1028 4093 1119 4166 Quae
1143 4117 1254 4178 genera

158 4214 257 4278 quum
282 4196 324 4258 ita
347 4196 472 4256 suntin
493 4215 554 4257 uno
576 4197 710 4257 carmine
731 4197 911 4273 coniuncta,
934 4204 970 4256 ut
988 4212 1063 4274 pars
1078 4192 1171 4263 κατὰ
1186 4192 1256 4265 στί-
