2804 4912
157 294 198 383 28
573 315 629 356 nm.
649 315 670 358 ι.
704 315 766 356 car.
786 314 813 356 x.

156 466 259 528 verbis
272 467 537 555 baecpraepdsitio
547 486 610 531 una
621 466 742 546 syllaba
749 467 1019 547 pronuntiataluit.
1047 460 1239 551 ὃοάζαπρὲ-

156 589 222 631 πον
230 567 382 648 Aeschylo
393 579 424 632 et
435 568 535 633 tribus
545 570 621 633 locis
628 563 750 653 κοίρζαν
761 571 888 633 obtrusa
900 570 1112 650 relinquentur
1124 571 1240 632 inven-

157 675 223 734 tori.
264 674 414 754 Corrupta
436 676 563 736 suntin
585 673 743 754 Euripidis
765 676 828 737 lon.
848 675 920 735 285.
947 674 1034 735 Herc.
1060 673 1119 734 fur.
1142 675 1236 735 troo.

157 777 265 838 Bacch.
278 779 350 838 996.
380 767 725 857 Πίθιος,’ολομπίοο,
742 764 848 862 ίίργια.
870 774 1071 838 Admiserunt
1082 778 1153 839 talia
1166 778 1240 838 mali

154 888 264 960 poetae
279 881 461 943 necessitate
477 881 582 960 coacti,
603 889 637 942 ut
646 872 807 966 Πηλιάδα
819 879 946 942 Sotades
962 879 1002 939 ab
1016 879 1240 958 Hephaestione

156 990 187 1043 et
201 981 268 1043 aliis
280 984 401 1064 citatus,
423 976 564 1058 Φειδίας
574 991 605 1045 et
615 973 841 1056 Ἀπολλωνίας
855 981 940 1063 apud
952 983 1080 1044 Pausan.
1092 984 1126 1044 V.
1143 984 1192 1060 to,
1205 985 1236 1043 2.

157 1088 211 1166 225
229 1090 259 1148 2.
293 1087 391 1150 Latini
406 1086 566 1167 abietibus,
586 1086 775 1165 connubium,
794 1087 949 1147 consiliam
966 1085 1121 1147 interdum
1138 1087 1241 1148 littera

155 1189 168 1251 ι’
181 1208 260 1268 pene
276 1192 471 1254 consonantis
488 1192 584 1252 vicem
600 1198 723 1252 tenente
739 1198 900 1269 usurpant.

241 1412 265 1494 ξ
279 1409 334 1478 94.
361 1413 510 1476 Notabilis
521 1423 570 1476 est
580 1414 820 1495 synecphenesis
832 1432 889 1475 seu
903 1413 1005 1493 potius
1017 1413 1102 1474 elisio
1117 1430 1130 1472 ι
1142 1411 1241 1473 dativi

154 1516 318 1597 singularis
333 1519 439 1581 tertiae
455 1517 682 1595 declinationis,
704 1525 740 1578 ut
754 1515 838 1595 apud
854 1519 1036 1579 Homerum:

238 1636 334 1720 χαῖρε
349 1632 387 1700 dd
401 1639 450 1720 τῷ
466 1625 575 1720 dercd’
590 1627 751 1716 Ὀδυσεύς,

239 1730 347 1824 ἀστέρ’
363 1730 521 1822 ὀπωρινῷ
537 1731 731 1822 ἐναλίγκιον.

154 1861 188 1920 ln
210 1860 258 1921 his
281 1859 408 1939 quidem
430 1860 579 1941 exemplis
600 1861 789 1940 grammatici
811 1859 924 1922 docent
944 1879 1006 1921 non
1027 1859 1100 1921 elidi
1125 1881 1158 1934 ι,
1184 1861 1244 1924 sed

153 1973 323 2043 agnoscunt
336 1973 440 2026 tamen
451 1953 583 2025 Αἴανθ’
600 1952 638 2037 ὃς
652 1963 738 2025 lliad.
758 1965 808 2023 xl.
826 1966 897 2023 589.
922 1962 989 2025 vid.
1009 1964 1163 2044 Spitzneri
1178 1984 1243 2026 ex-

154 2085 236 2128 curs.
256 2067 304 2128 Vl.
323 2067 363 2129 ad
378 2065 464 2128 lliad.
497 2065 559 2128 Sed
581 2075 612 2127 et
631 2066 716 2146 apud
731 2068 895 2127 Homerum
918 2066 975 2127 hoo
997 2085 1101 2128 rarum
1117 2076 1181 2146 est,
1209 2077 1245 2130 et

153 2170 252 2231 rarius
275 2168 360 2250 apud
374 2167 489 2230 Atticos
509 2172 550 2243 (v.
568 2170 708 2231 Matthiae
730 2168 771 2230 ad
786 2170 892 2249 Eurip.
912 2166 1023 2230 Alcest.
1045 2169 1165 2251 ll28.),
1185 2173 1243 2251 qui

153 2273 245 2333 etiam
256 2272 288 2333 in
301 2271 412 2334 dativis
424 2273 597 2351 pluralibus
610 2272 767 2334 elisionem
775 2273 888 2333 vitant:
904 2292 934 2332 v.
944 2273 1065 2334 Person.
1092 2269 1238 2353 Append.

152 2373 193 2435 ad
209 2377 305 2455 Toup.
325 2376 393 2436 Em.
412 2376 444 2437 in
459 2375 546 2438 Suid.
565 2396 596 2456 p.
619 2377 689 2436 l50.
709 2384 740 2436 et
754 2375 889 2454 Honthly
905 2376 1031 2436 Review
1043 2376 1135 2436 1789.
1156 2377 1243 2454 Sep-

152 2476 247 2539 temb.
266 2498 297 2558 p.
318 2480 390 2540 111.

238 2696 330 2782 §Hb
358 2703 456 2764 Latini
468 2711 586 2763 veteres
603 2703 635 2762 in
647 2702 805 2765 vocabulis
821 2702 908 2764 brevi
924 2702 1044 2783 syllaba
1060 2704 1092 2762 in
1105 2703 1243 2765 litteram

151 2822 166 2864 ι
181 2815 313 2867 exeunte
329 2807 500 2867 terminatis
515 2823 608 2886 saepe
623 2806 810 2867 abiiciebant
824 2826 839 2867 s
854 2815 980 2886 propter
994 2815 1138 2884 metrum,

140 2983 143 2989 ,
215 2914 220 2923 “
635 2911 698 2973 vito
714 2910 766 2971 111ο
782 2909 882 2991 (119111
900 2911 1028 2990 oroque.

153 3012 269 3073 Scenici
284 3021 393 3092 poetae
408 3029 476 3073 raro
492 3012 550 3073 hoc
565 3012 704 3075 lecerunt
718 3015 750 3073 in
772 3013 809 3074 iis
827 3031 973 3075 versuum
989 3012 1073 3091 locis,
1093 3013 1146 3092 qui
1162 3011 1245 3074 dili-

152 3122 274 3195 gentem
290 3116 390 3177 iustae
406 3134 568 3178 mensurae
584 3116 829 3178 observationem
845 3116 1016 3195 requirunt.

238 3335 331 3419 §ab
357 3336 558 3401 Accentus
574 3338 659 3418 apud
674 3349 794 3402 veteres
811 3341 912 3419 epicos
927 3338 1097 3419 plurimum
1113 3338 1244 3402 valebat

152 3440 242 3503 etad
263 3441 480 3521 producendas
502 3442 657 3522 syllabaS‚
685 3445 716 3504 in
739 3443 859 3524 quibus
878 3443 996 3523 positus
1019 3449 1117 3521 esset,
1144 3451 1176 3502 ct
1198 3442 1244 3505 ad

153 3542 379 3626 corripiendas,
404 3563 481 3625 quas
505 3545 555 3607 vel
576 3556 774 3626 sequeretur,
802 3547 850 3607 vel
866 3544 1073 3627 praecederet.
1108 3544 1243 3607 Produci

153 3647 226 3709 iacit
240 3648 391 3726 syHabam
407 3649 619 3729 penultimam,
639 3651 664 3710 si
682 3651 787 3711 ultima
804 3649 970 3730 longeest,
990 3649 1022 3708 in
1038 3648 1134 3726 thesi,
1153 3657 1190 3710 ut

242 3749 331 3837 δῶρα
347 3741 427 3834 παρ’
443 3743 574 3815 Αἰόλου
589 3746 813 3838 μεγαλήτορος
823 3744 1045 3828 Ἱπποτάδαο,

154 3853 266 3933 Odyss.
286 3875 314 3915 κ.
337 3857 386 3916 36.
406 3856 441 3917 V.
460 3854 557 3917 Elem.
576 3856 607 3919 d.
627 3877 668 3919 m.
688 3876 718 3936 p.
739 3859 790 3918 56.
824 3858 856 3918 Si
880 3857 984 3918 brevis
1000 3863 1048 3917 est
1062 3853 1189 3936 ultima,
1210 3857 1245 3919 in

154 3957 232 4018 arsi:
258 3957 291 4019 ll.
310 3978 344 4036 μ.
362 3957 433 4020 208.
452 3979 488 4020 π.
509 3961 580 4022 115.

244 4076 353 4158 Τρῶες
369 4068 399 4140 d’
416 4071 597 4165 ἐρρίγησαν,
615 4071 709 4154 ὅπως
722 4070 796 4142 ίδον
810 4072 930 4142 αίόλον
945 4067 1035 4166 ὅφιν.

243 4175 372 4256 ἵππους
385 4172 415 4245 d'
433 4173 670 4264 Αὐτομέδοντα
685 4183 781 4257 θοῶς
795 4175 968 4267 ζευγνύμεν
983 4169 1117 4265 troya.
