2804 4912
500 296 754 343 monasterius
769 296 917 341 oramus.
1198 277 1257 340 123

257 447 285 529 θ
299 445 379 515 370.
403 448 523 530 Dactyli
534 452 713 533 saepissime
725 450 958 514 substituuntur
967 449 1151 530 anapaestis,
1166 450 1258 511 etiam

150 553 321 615 continui.
367 554 513 635 Quinque
538 552 633 618 habet
657 551 830 635 Aeschylus
855 550 960 635 Agam.
993 553 1107 631 tttt,
1140 561 1257 633 septem

151 654 341 736 Euripides
363 657 396 717 in
418 657 538 738 llippol.
567 660 659 720 1364.
686 656 859 721 cuiusmodi
883 675 994 719 versus
1019 654 1192 717 cavendum
1219 675 1258 716 na
1346 680 1373 792 s

153 759 241 838 quis
257 759 325 822 ictu
339 761 483 842 inprime
498 760 613 842 dactyli
628 760 747 842 syllaba
765 761 859 840 facto,
885 779 984 841 quum
999 760 1030 820 in
1045 758 1182 821 secunda
1197 757 1260 820 de-

1047 842 1253 865 ἢν

154 860 255 945 beat,
276 863 310 926 iu
325 862 480 927 recitando
488 872 594 943 ⁸mutet
608 865 641 926 in
656 863 837 945 dactylicos:

156 950 436 1071 μπρόςφορά
457 974 492 1065 μ’
516 973 638 1063 αἴρετε,
659 976 799 1047 σύντονα
821 971 850 1044 δ’
874 975 984 1046 ἕλκετε

258 1079 320 1151 τὸν
340 1077 571 1166 κακοδαίμονα
592 1081 651 1151 καὶ
671 1077 866 1170 κατάρατον.

259 1307 377 1390 5371.
410 1312 470 1386 Qui
492 1310 608 1376 claudit
621 1312 756 1394 legitima
770 1318 937 1391 systemata
958 1280 1255 1392 paroemiacus,

159 1412 302 1479 eosdem
316 1413 412 1496 pedes
427 1414 535 1497 habet,
561 1434 639 1497 quos
654 1417 755 1479 exitus
770 1432 879 1478 versus
900 1415 1032 1478 heroici:
1058 1433 1127 1479 raro
1142 1422 1177 1479 ut
1191 1424 1259 1479 ter-

160 1519 234 1584 tius
250 1518 411 1601 spondeus
426 1521 483 1583 sit:
508 1517 616 1583 dasch.
635 1521 717 1583 Pers.
737 1520 787 1582 ts.

262 1633 379 1702 ἳππων
400 1629 428 1703 τ’
453 1632 572 1727 ἐλατὴρ
594 1632 791 1725 Σοσθάνης.

164 1760 205 1825 V.
226 1756 337 1842 Agam.
357 1760 429 1824 374.
463 1761 572 1844 Suppl.
594 1765 623 1826 8.
655 1761 774 1826 Primus
796 1769 899 1827 tamen
923 1778 979 1846 pos
1001 1776 1095 1843 saepe
1116 1760 1259 1844 dactylus

165 1872 230 1929 est.
258 1861 369 1928 Aesoh.
389 1865 526 1947 Ghoeph.
547 1865 619 1930 377.

260 1978 364 2048 παισὶ
386 1977 424 2050 oi
444 1981 573 2068 μᾶλλον
593 1977 771 2072 γεγένηται.

260 2206 286 2290 ἦ
300 2206 378 2275 373.
408 2212 507 2275 Versu
520 2212 712 2293 paroemiaco
726 2211 909 2274 sententiam
926 2211 1007 2274 liniri
1020 2227 1078 2292 par
1093 2220 1149 2292 est,
1168 2214 1258 2275 etiam

173 2314 203 2379 si
221 2314 310 2377 aliud
332 2314 446 2380 deinde
468 2326 603 2398 systema
623 2316 852 2398 anapaesticum
873 2317 1024 2396 sequitur.
1061 2315 1124 2380 Sed
1146 2315 1262 2381 sufficit

169 2418 269 2483 etiam
285 2419 384 2480 minor
397 2420 603 2502 interpunctio
617 2417 783 2499 interdum,
803 2418 885 2482 utin
899 2416 1005 2502 Agam.
1026 2421 1076 2484 65.

263 2534 517 2621 διακναιομένης
537 2530 566 2604 τ’
589 2532 623 2604 ἐν
644 2532 855 2624 προτελείοις

305 2635 453 2723 κάμακος
474 2635 591 2730 θήσων
611 2642 808 2723 Δαναοῖσιν,

266 2739 379 2832 Τρωσί
400 2738 437 2810 θ’
460 2738 597 2829 ὁμοίως.

167 2869 217 2934 ue
232 2885 297 2950 quo
313 2868 378 2930 loco
394 2889 424 2930 v.
442 2869 539 2931 Elem.
559 2867 590 2932 d.
609 2888 650 2932 m.
669 2888 701 2951 p.
722 2869 794 2931 379.

261 3088 377 3173 5373.
411 3089 637 3174 Antistrophica
659 3094 714 3156 ubi
736 3102 810 3156 sunt
824 3093 900 3156 haec
920 3099 1103 3175 systemata,
1129 3110 1190 3155 non
1205 3112 1260 3172 pes

171 3196 247 3281 pedi
265 3196 441 3277 respondet,
467 3196 523 3260 sed
537 3195 645 3261 divisio
662 3205 764 3260 tamen
780 3205 947 3260 metrorum
964 3197 1041 3259 solat
1055 3195 1162 3259 similis
1177 3215 1256 3258 esse.

171 3300 208 3364 V.
227 3298 246 3384 §
265 3299 337 3362 367.
371 3301 554 3363 Brevissima
579 3307 746 3381 systemata
768 3300 915 3364 videntur
936 3320 976 3364 ex
998 3318 1060 3363 uuo
1080 3297 1210 3362 dimetro
1230 3307 1261 3360 et

165 3404 367 3488 paroemiaco
382 3412 531 3466 constare.
558 3404 608 3466 Sic
623 3405 655 3467 in
669 3402 776 3486 Agam.
797 3407 869 3467 363.

263 3508 290 3584 o'
312 3525 382 3586 Ζεῦ
402 3520 542 3605 βασιλεῦ
563 3518 622 3588 καὶ
643 3517 704 3603 νύξ
724 3517 823 3612 φιλία

305 3620 457 3711 μεγάλων
479 3620 611 3710 κόσμων
632 3620 815 3713 κτεάτειρα.

164 3752 213 3817 Et
228 3749 356 3830 saepiam
370 3747 455 3832 apud
469 3747 666 3833 Aeschylum.

261 3970 379 4056 5374.
416 3975 643 4056 systemata
666 3992 744 4037 non
769 3974 954 4055 legitima
979 3973 1020 4035 ab
1043 3974 1184 4054 legitimis
1206 3994 1261 4056 per

162 4077 292 4164 gradus
304 4077 478 4157 discedunt,
494 4088 529 4142 ut
543 4078 699 4142 interdum
714 4080 762 4140 his
777 4077 941 4158 simillima,
957 4076 1030 4139 alibi
1044 4085 1149 4140 autom
1164 4076 1262 4141 dissi-

166 4182 305 4250 millima
320 4180 495 4244 videantur.
530 4180 683 4259 Differunt
702 4198 905 4267 mensure,
931 4178 1017 4269 quod
1029 4182 1262 4271 proceleusma-
