<?xml version="1.0" encoding="UTF-8"?>
<!DOCTYPE html PUBLIC "-//W3C//DTD XHTML 1.0 Transitional//EN"
    "http://www.w3.org/TR/xhtml1/DTD/xhtml1-transitional.dtd">
<html xmlns="http://www.w3.org/1999/xhtml" xml:lang="en" lang="en">
 <head>
  <title>
</title>
<meta http-equiv="Content-Type" content="text/html;charset=utf-8" />
  <meta name='ocr-system' content='tesseract 3.04.00' />
  <meta name='ocr-capabilities' content='ocr_page ocr_carea ocr_par ocr_line ocrx_word'/>
</head>
<body>
  <div class='ocr_page' id='page_1' title='image "./godofrediherman00hermgoog/godofrediherman00hermgoog_0297.png"; bbox 0 0 2804 4912; ppageno 0'>
   <div class='ocr_carea' id='block_1_1' title="bbox 310 287 1182 351">
    <p class='ocr_par' dir='ltr' id='par_1_1' title="bbox 310 287 1182 351">
     <span class='ocr_line' id='line_1_1' title="bbox 310 287 1182 351; baseline -0.003 -1"><span class='ocrx_word' id='word_1_1' title='bbox 310 309 347 350; x_wconf 81' lang='lat' dir='ltr'>or</span> <span class='ocrx_word' id='word_1_2' title='bbox 364 307 631 351; x_wconf 79' lang='lat' dir='ltr'>rarrnrrtmrronr</span> <span class='ocrx_word' id='word_1_3' title='bbox 646 307 949 350; x_wconf 73' lang='lat' dir='ltr'>iurrsrnormconru.</span> <span class='ocrx_word' id='word_1_4' title='bbox 1120 287 1182 348; x_wconf 80' lang='lat'>255</span> 
     </span>
    </p>
   </div>
   <div class='ocr_carea' id='block_1_2' title="bbox 184 453 1070 856">
    <p class='ocr_par' dir='ltr' id='par_1_2' title="bbox 184 453 1070 856">
     <span class='ocr_line' id='line_1_2' title="bbox 184 453 1070 545; baseline 0 -24"><span class='ocrx_word' id='word_1_5' title='bbox 184 464 207 522; x_wconf 90' lang='lat' dir='ltr'>l.</span> <span class='ocrx_word' id='word_1_6' title='bbox 231 455 366 539; x_wconf 78' lang='grc' dir='ltr'><strong><em>δμωαί</em></strong></span> <span class='ocrx_word' id='word_1_7' title='bbox 390 456 436 522; x_wconf 81' lang='grc' dir='ltr'>δὲ</span> <span class='ocrx_word' id='word_1_8' title='bbox 456 454 581 521; x_wconf 80' lang='grc' dir='ltr'><strong><em>τίνων</em></strong></span> <span class='ocrx_word' id='word_1_9' title='bbox 604 453 809 545; x_wconf 75' lang='grc' dir='ltr'><strong><em>κλῄζεσθε</em></strong></span> <span class='ocrx_word' id='word_1_10' title='bbox 833 453 986 539; x_wconf 69' lang='grc' dir='ltr'><strong><em>δόμωνς</em></strong></span> <span class='ocrx_word' id='word_1_11' title='bbox 1066 480 1070 487; x_wconf 79' lang='grc'><em>’</em></span> 
     </span>
     <span class='ocr_line' id='line_1_3' title="bbox 277 553 1009 647; baseline 0 -23"><span class='ocrx_word' id='word_1_12' title='bbox 277 564 318 624; x_wconf 84' lang='grc' dir='ltr'>Χ.</span> <span class='ocrx_word' id='word_1_13' title='bbox 342 558 523 636; x_wconf 73' lang='grc' dir='ltr'><strong><em>Παλλάδος</em></strong></span> <span class='ocrx_word' id='word_1_14' title='bbox 547 555 659 624; x_wconf 71' lang='grc' dir='ltr'><strong><em>ἔνοικα</em></strong></span> <span class='ocrx_word' id='word_1_15' title='bbox 681 553 831 647; x_wconf 78' lang='grc' dir='ltr'><strong><em>τρόφιμα</em></strong></span> <span class='ocrx_word' id='word_1_16' title='bbox 853 556 1009 646; x_wconf 73' lang='grc' dir='ltr'><strong><em>μέλαθρα</em></strong></span> 
     </span>
     <span class='ocr_line' id='line_1_4' title="bbox 324 659 697 747; baseline 0.003 -20"><span class='ocrx_word' id='word_1_17' title='bbox 324 667 390 727; x_wconf 79' lang='grc' dir='ltr'>τῶν</span> <span class='ocrx_word' id='word_1_18' title='bbox 412 661 500 745; x_wconf 74' lang='grc' dir='ltr'><strong><em>ἐμῶν</em></strong></span> <span class='ocrx_word' id='word_1_19' title='bbox 522 659 697 747; x_wconf 75' lang='grc' dir='ltr'><strong><em>τυράννων.</em></strong></span> 
     </span>
     <span class='ocr_line' id='line_1_5' title="bbox 275 759 869 856; baseline 0 -25"><span class='ocrx_word' id='word_1_20' title='bbox 275 762 453 853; x_wconf 74' lang='grc' dir='ltr'><strong><em>παρούσας</em></strong></span> <span class='ocrx_word' id='word_1_21' title='bbox 475 759 505 832; x_wconf 79' lang='grc' dir='ltr'>δ’</span> <span class='ocrx_word' id='word_1_22' title='bbox 528 761 618 856; x_wconf 78' lang='grc' dir='ltr'><strong><em>ἀμφὶ</em></strong></span> <span class='ocrx_word' id='word_1_23' title='bbox 639 761 712 832; x_wconf 76' lang='grc' dir='ltr'><strong><em>τόδ’</em></strong></span> <span class='ocrx_word' id='word_1_24' title='bbox 736 765 869 854; x_wconf 74' lang='grc' dir='ltr'><strong><em>ἐρωτᾷς.</em></strong></span> 
     </span>
    </p>
   </div>
   <div class='ocr_carea' id='block_1_3' title="bbox 88 1026 1183 1318">
    <p class='ocr_par' dir='ltr' id='par_1_3' title="bbox 88 1026 1183 1318">
     <span class='ocr_line' id='line_1_6' title="bbox 181 1026 1183 1110; baseline -0.003 -17"><span class='ocrx_word' id='word_1_25' title='bbox 181 1026 297 1110; x_wconf 66' lang='lat'><strong>5701.</strong></span> <span class='ocrx_word' id='word_1_26' title='bbox 329 1029 441 1090; x_wconf 81' lang='lat' dir='ltr'><strong>Comici</strong></span> <span class='ocrx_word' id='word_1_27' title='bbox 458 1028 633 1108; x_wconf 87' lang='lat' dir='ltr'>aliquando,</span> <span class='ocrx_word' id='word_1_28' title='bbox 653 1031 734 1091; x_wconf 90' lang='lat' dir='ltr'>risus</span> <span class='ocrx_word' id='word_1_29' title='bbox 750 1029 904 1091; x_wconf 83' lang='lat' dir='ltr'>excitandi</span> <span class='ocrx_word' id='word_1_30' title='bbox 921 1049 1041 1107; x_wconf 87' lang='lat' dir='ltr'>caussa,</span> <span class='ocrx_word' id='word_1_31' title='bbox 1061 1033 1091 1090; x_wconf 90' lang='lat' dir='ltr'>in</span> <span class='ocrx_word' id='word_1_32' title='bbox 1109 1032 1183 1108; x_wconf 89' lang='lat' dir='ltr'>ipsis</span> 
     </span>
     <span class='ocr_line' id='line_1_7' title="bbox 90 1132 1178 1213; baseline -0.002 -19"><span class='ocrx_word' id='word_1_33' title='bbox 90 1135 240 1195; x_wconf 87' lang='lat' dir='ltr'>trimetris</span> <span class='ocrx_word' id='word_1_34' title='bbox 264 1133 473 1194; x_wconf 84' lang='lat' dir='ltr'>diverbiorum</span> <span class='ocrx_word' id='word_1_35' title='bbox 500 1132 645 1195; x_wconf 89' lang='lat' dir='ltr'>videntur</span> <span class='ocrx_word' id='word_1_36' title='bbox 672 1133 907 1213; x_wconf 81' lang='lat' dir='ltr'>interpellationi</span> <span class='ocrx_word' id='word_1_37' title='bbox 933 1135 1033 1196; x_wconf 90' lang='lat' dir='ltr'>locum</span> <span class='ocrx_word' id='word_1_38' title='bbox 1061 1135 1178 1195; x_wconf 84' lang='lat' dir='ltr'>iecisse.</span> 
     </span>
     <span class='ocr_line' id='line_1_8' title="bbox 88 1235 603 1318; baseline 0 -20"><span class='ocrx_word' id='word_1_39' title='bbox 88 1237 315 1318; x_wconf 74' lang='lat' dir='ltr'>Aristophanes</span> <span class='ocrx_word' id='word_1_40' title='bbox 332 1239 363 1297; x_wconf 89' lang='lat' dir='ltr'>in</span> <span class='ocrx_word' id='word_1_41' title='bbox 379 1235 510 1306; x_wconf 80' lang='lat' dir='ltr'>Acheru.</span> <span class='ocrx_word' id='word_1_42' title='bbox 532 1239 603 1298; x_wconf 82' lang='lat' dir='ltr'>tot.</span> 
     </span>
    </p>
   </div>
   <div class='ocr_carea' id='block_1_4' title="bbox 179 1346 1181 1954">
    <p class='ocr_par' dir='ltr' id='par_1_4' title="bbox 179 1346 1181 1954">
     <span class='ocr_line' id='line_1_9' title="bbox 183 1346 743 1440; baseline -0.007 -20"><span class='ocrx_word' id='word_1_43' title='bbox 183 1357 242 1420; x_wconf 80' lang='lat' dir='ltr'>Al.</span> <span class='ocrx_word' id='word_1_44' title='bbox 267 1346 445 1440; x_wconf 72' lang='grc' dir='ltr'><strong><em>Εὐριπίδη,</em></strong></span> <span class='ocrx_word' id='word_1_45' title='bbox 469 1346 678 1440; x_wconf 78' lang='grc' dir='ltr'><strong><em>Εὐριπίδιον.</em></strong></span> <span class='ocrx_word' id='word_1_46' title='bbox 739 1372 743 1378; x_wconf 85' lang='grc'><strong>’</strong></span> 
     </span>
     <span class='ocr_line' id='line_1_10' title="bbox 224 1450 1027 1544; baseline 0 -21"><span class='ocrx_word' id='word_1_47' title='bbox 224 1454 428 1539; x_wconf 80' lang='grc' dir='ltr'><em>ὑπάκουσον,</em></span> <span class='ocrx_word' id='word_1_48' title='bbox 453 1450 547 1544; x_wconf 79' lang='grc' dir='ltr'><strong><em>εἴπερ</em></strong></span> <span class='ocrx_word' id='word_1_49' title='bbox 570 1450 703 1521; x_wconf 78' lang='grc' dir='ltr'><strong><em>πώποτ’</em></strong></span> <span class='ocrx_word' id='word_1_50' title='bbox 727 1450 918 1544; x_wconf 69' lang='grc' dir='ltr'><strong><em>ἀνθρώπων</em></strong></span> <span class='ocrx_word' id='word_1_51' title='bbox 940 1455 1027 1525; x_wconf 84' lang='grc' dir='ltr'><strong><em>τινί·</em></strong></span> 
     </span>
     <span class='ocr_line' id='line_1_11' title="bbox 223 1557 914 1649; baseline 0.003 -24"><span class='ocrx_word' id='word_1_52' title='bbox 223 1557 451 1638; x_wconf 83' lang='grc' dir='ltr'><strong><em>Δικαιόπολις</em></strong></span> <span class='ocrx_word' id='word_1_53' title='bbox 472 1560 569 1626; x_wconf 81' lang='grc' dir='ltr'><strong><em>καλεῖ</em></strong></span> <span class='ocrx_word' id='word_1_54' title='bbox 591 1582 628 1626; x_wconf 89' lang='grc' dir='ltr'>σε</span> <span class='ocrx_word' id='word_1_55' title='bbox 651 1557 820 1649; x_wconf 80' lang='grc' dir='ltr'><strong><em>Χολλίδης</em></strong></span> <span class='ocrx_word' id='word_1_56' title='bbox 843 1557 914 1647; x_wconf 75' lang='grc' dir='ltr'>ἐγώ.</span> 
     </span>
     <span class='ocr_line' id='line_1_12' title="bbox 559 1657 945 1752; baseline 0 -23"><span class='ocrx_word' id='word_1_57' title='bbox 559 1666 652 1729; x_wconf 84' lang='grc' dir='ltr'><strong><em>ΕΥΡ.</em></strong></span> <span class='ocrx_word' id='word_1_58' title='bbox 676 1657 748 1728; x_wconf 72' lang='grc' dir='ltr'>ἀλλ’</span> <span class='ocrx_word' id='word_1_59' title='bbox 772 1659 811 1729; x_wconf 78' lang='grc' dir='ltr'><strong><em>οὐ</em></strong></span> <span class='ocrx_word' id='word_1_60' title='bbox 835 1661 945 1752; x_wconf 84' lang='grc' dir='ltr'><strong><em>σχολή.</em></strong></span> 
     </span>
     <span class='ocr_line' id='line_1_13' title="bbox 179 1760 1181 1855; baseline -0.002 -21"><span class='ocrx_word' id='word_1_61' title='bbox 179 1772 238 1834; x_wconf 83' lang='lat' dir='ltr'>Al.</span> <span class='ocrx_word' id='word_1_62' title='bbox 263 1763 334 1833; x_wconf 73' lang='grc' dir='ltr'><strong><em>ἀλλ’</em></strong></span> <span class='ocrx_word' id='word_1_63' title='bbox 359 1760 583 1855; x_wconf 70' lang='grc' dir='ltr'>ἐκκυκλήθητ’.</span> <span class='ocrx_word' id='word_1_64' title='bbox 613 1768 707 1833; x_wconf 82' lang='grc' dir='ltr'><em>ΕΥΡ.</em></span> <span class='ocrx_word' id='word_1_65' title='bbox 730 1760 802 1832; x_wconf 70' lang='grc' dir='ltr'><strong><em>ἀλλ’</em></strong></span> <span class='ocrx_word' id='word_1_66' title='bbox 826 1761 997 1833; x_wconf 76' lang='grc' dir='ltr'><strong><em>οίδόνανσν.</em></strong></span> <span class='ocrx_word' id='word_1_67' title='bbox 1027 1769 1085 1833; x_wconf 80' lang='lat' dir='ltr'>Al.</span> <span class='ocrx_word' id='word_1_68' title='bbox 1110 1762 1181 1834; x_wconf 76' lang='grc' dir='ltr'><strong><em>ἀλλ’</em></strong></span> 
     </span>
     <span class='ocr_line' id='line_1_14' title="bbox 717 1866 816 1954; baseline 0.01 -18"><span class='ocrx_word' id='word_1_69' title='bbox 717 1866 816 1954; x_wconf 84' lang='grc' dir='ltr'><strong><em>ὅμως.</em></strong></span> 
     </span>
    </p>
   </div>
   <div class='ocr_carea' id='block_1_5' title="bbox 87 1993 1182 2077">
    <p class='ocr_par' dir='ltr' id='par_1_5' title="bbox 87 1993 1182 2077">
     <span class='ocr_line' id='line_1_15' title="bbox 87 1993 1182 2077; baseline -0.002 -18"><span class='ocrx_word' id='word_1_70' title='bbox 87 2000 138 2059; x_wconf 84' lang='lat' dir='ltr'>Nc</span> <span class='ocrx_word' id='word_1_71' title='bbox 161 1998 230 2077; x_wconf 89' lang='lat' dir='ltr'>quis</span> <span class='ocrx_word' id='word_1_72' title='bbox 253 1997 398 2075; x_wconf 90' lang='lat' dir='ltr'>miretur,</span> <span class='ocrx_word' id='word_1_73' title='bbox 426 2015 487 2076; x_wconf 91' lang='lat' dir='ltr'>quo</span> <span class='ocrx_word' id='word_1_74' title='bbox 507 1993 598 2056; x_wconf 92' lang='lat' dir='ltr'>modo</span> <span class='ocrx_word' id='word_1_75' title='bbox 620 1993 865 2057; x_wconf 88' lang='lat' dir='ltr'>animadvertere</span> <span class='ocrx_word' id='word_1_76' title='bbox 883 1996 1039 2076; x_wconf 89' lang='lat' dir='ltr'>potuerint</span> <span class='ocrx_word' id='word_1_77' title='bbox 1054 2006 1182 2077; x_wconf 87' lang='lat' dir='ltr'>specta-</span> 
     </span>
    </p>
   </div>
   <div class='ocr_carea' id='block_1_6' title="bbox 85 2098 1182 2698">
    <p class='ocr_par' dir='ltr' id='par_1_6' title="bbox 85 2098 1182 2698">
     <span class='ocr_line' id='line_1_16' title="bbox 88 2098 1181 2180; baseline -0.002 -18"><span class='ocrx_word' id='word_1_78' title='bbox 88 2111 174 2162; x_wconf 80' lang='lat' dir='ltr'>tores</span> <span class='ocrx_word' id='word_1_79' title='bbox 191 2099 419 2180; x_wconf 86' lang='lat' dir='ltr'>interpellatum</span> <span class='ocrx_word' id='word_1_80' title='bbox 435 2118 503 2160; x_wconf 90' lang='lat' dir='ltr'>esse</span> <span class='ocrx_word' id='word_1_81' title='bbox 519 2100 702 2179; x_wconf 81' lang='lat' dir='ltr'>trimetrum,</span> <span class='ocrx_word' id='word_1_82' title='bbox 722 2098 892 2160; x_wconf 84' lang='lat' dir='ltr'>tenendum</span> <span class='ocrx_word' id='word_1_83' title='bbox 908 2106 964 2178; x_wconf 86' lang='lat' dir='ltr'>est,</span> <span class='ocrx_word' id='word_1_84' title='bbox 987 2098 1181 2178; x_wconf 87' lang='lat' dir='ltr'>Dicacopolin</span> 
     </span>
     <span class='ocr_line' id='line_1_17' title="bbox 86 2191 1177 2286; baseline -0.003 -21"><span class='ocrx_word' id='word_1_85' title='bbox 86 2204 144 2266; x_wconf 89' lang='lat' dir='ltr'>illa</span> <span class='ocrx_word' id='word_1_86' title='bbox 171 2193 354 2286; x_wconf 76' lang='grc' dir='ltr'><strong><em>Εὐριπίδη,</em></strong></span> <span class='ocrx_word' id='word_1_87' title='bbox 371 2191 582 2284; x_wconf 85' lang='grc' dir='ltr'><strong><em>-Εόριπίδιον</em></strong></span> <span class='ocrx_word' id='word_1_88' title='bbox 604 2200 685 2263; x_wconf 90' lang='lat' dir='ltr'>lente</span> <span class='ocrx_word' id='word_1_89' title='bbox 713 2213 744 2263; x_wconf 90' lang='lat' dir='ltr'>et</span> <span class='ocrx_word' id='word_1_90' title='bbox 769 2220 825 2284; x_wconf 83' lang='lat' dir='ltr'>per</span> <span class='ocrx_word' id='word_1_91' title='bbox 850 2202 1007 2263; x_wconf 86' lang='lat' dir='ltr'>intervalla</span> <span class='ocrx_word' id='word_1_92' title='bbox 1032 2202 1177 2283; x_wconf 83' lang='lat' dir='ltr'>prolerre,</span> 
     </span>
     <span class='ocr_line' id='line_1_18' title="bbox 86 2294 1178 2389; baseline -0.003 -20"><span class='ocrx_word' id='word_1_93' title='bbox 86 2306 263 2386; x_wconf 87' lang='lat' dir='ltr'>eodemque</span> <span class='ocrx_word' id='word_1_94' title='bbox 295 2305 386 2367; x_wconf 92' lang='lat' dir='ltr'>modo</span> <span class='ocrx_word' id='word_1_95' title='bbox 415 2307 443 2365; x_wconf 91' lang='lat' dir='ltr'>ci</span> <span class='ocrx_word' id='word_1_96' title='bbox 469 2303 655 2386; x_wconf 88' lang='lat' dir='ltr'>respondere</span> <span class='ocrx_word' id='word_1_97' title='bbox 683 2304 859 2387; x_wconf 81' lang='lat' dir='ltr'>Euripidem</span> <span class='ocrx_word' id='word_1_98' title='bbox 887 2294 959 2366; x_wconf 73' lang='grc' dir='ltr'>ἀλλ’</span> <span class='ocrx_word' id='word_1_99' title='bbox 991 2295 1030 2368; x_wconf 81' lang='grc' dir='ltr'><strong><em>οδ</em></strong></span> <span class='ocrx_word' id='word_1_100' title='bbox 1060 2298 1178 2389; x_wconf 83' lang='grc' dir='ltr'><strong><em>σχολή;</em></strong></span> 
     </span>
     <span class='ocr_line' id='line_1_19' title="bbox 86 2406 1182 2491; baseline -0.003 -19"><span class='ocrx_word' id='word_1_101' title='bbox 86 2411 161 2474; x_wconf 87' lang='lat' dir='ltr'>illos</span> <span class='ocrx_word' id='word_1_102' title='bbox 188 2419 292 2473; x_wconf 88' lang='lat' dir='ltr'>autem</span> <span class='ocrx_word' id='word_1_103' title='bbox 315 2411 369 2491; x_wconf 91' lang='lat' dir='ltr'>qui</span> <span class='ocrx_word' id='word_1_104' title='bbox 389 2410 468 2470; x_wconf 89' lang='lat' dir='ltr'>inter</span> <span class='ocrx_word' id='word_1_105' title='bbox 489 2408 566 2470; x_wconf 91' lang='lat' dir='ltr'>haec</span> <span class='ocrx_word' id='word_1_106' title='bbox 589 2406 682 2470; x_wconf 93' lang='lat' dir='ltr'>medii</span> <span class='ocrx_word' id='word_1_107' title='bbox 704 2420 778 2471; x_wconf 92' lang='lat' dir='ltr'>sunt</span> <span class='ocrx_word' id='word_1_108' title='bbox 804 2408 866 2471; x_wconf 93' lang='lat' dir='ltr'>duo</span> <span class='ocrx_word' id='word_1_109' title='bbox 889 2411 1016 2471; x_wconf 85' lang='lat' dir='ltr'>trimetri</span> <span class='ocrx_word' id='word_1_110' title='bbox 1043 2410 1182 2471; x_wconf 88' lang='lat' dir='ltr'>celeriter</span> 
     </span>
     <span class='ocr_line' id='line_1_20' title="bbox 85 2512 1181 2596; baseline -0.004 -20"><span class='ocrx_word' id='word_1_111' title='bbox 85 2516 300 2596; x_wconf 89' lang='lat' dir='ltr'>pronuntiari,</span> <span class='ocrx_word' id='word_1_112' title='bbox 326 2515 367 2575; x_wconf 90' lang='lat' dir='ltr'>ita</span> <span class='ocrx_word' id='word_1_113' title='bbox 390 2522 424 2573; x_wconf 89' lang='lat' dir='ltr'>nt</span> <span class='ocrx_word' id='word_1_114' title='bbox 447 2514 513 2593; x_wconf 91' lang='lat' dir='ltr'>ipsa</span> <span class='ocrx_word' id='word_1_115' title='bbox 536 2514 721 2574; x_wconf 79' lang='lat' dir='ltr'>recitationis</span> <span class='ocrx_word' id='word_1_116' title='bbox 744 2513 907 2575; x_wconf 89' lang='lat' dir='ltr'>diversitas</span> <span class='ocrx_word' id='word_1_117' title='bbox 923 2512 1053 2592; x_wconf 87' lang='lat' dir='ltr'>indicet,</span> <span class='ocrx_word' id='word_1_118' title='bbox 1081 2515 1181 2574; x_wconf 85' lang='lat' dir='ltr'>inter-</span> 
     </span>
     <span class='ocr_line' id='line_1_21' title="bbox 86 2615 842 2698; baseline 0 -20"><span class='ocrx_word' id='word_1_119' title='bbox 86 2627 218 2696; x_wconf 87' lang='lat' dir='ltr'>ceptum</span> <span class='ocrx_word' id='word_1_120' title='bbox 234 2619 409 2679; x_wconf 86' lang='lat' dir='ltr'>trimetrum</span> <span class='ocrx_word' id='word_1_121' title='bbox 424 2618 540 2697; x_wconf 83' lang='lat' dir='ltr'>expleri</span> <span class='ocrx_word' id='word_1_122' title='bbox 557 2615 661 2677; x_wconf 85' lang='lat' dir='ltr'>verbis</span> <span class='ocrx_word' id='word_1_123' title='bbox 676 2615 842 2698; x_wconf 82' lang='lat' dir='ltr'>Euripidis</span> 
     </span>
    </p>
   </div>
   <div class='ocr_carea' id='block_1_7' title="bbox 86 2872 1180 3249">
    <p class='ocr_par' dir='ltr' id='par_1_7' title="bbox 86 2872 1180 3249">
     <span class='ocr_line' id='line_1_22' title="bbox 178 2872 1175 2959; baseline 0 -20"><span class='ocrx_word' id='word_1_124' title='bbox 178 2872 294 2959; x_wconf 72' lang='lat'>§702</span> <span class='ocrx_word' id='word_1_125' title='bbox 330 2877 424 2955; x_wconf 79' lang='lat' dir='ltr'>Magis</span> <span class='ocrx_word' id='word_1_126' title='bbox 439 2877 530 2937; x_wconf 89' lang='lat' dir='ltr'>ctiam</span> <span class='ocrx_word' id='word_1_127' title='bbox 547 2875 712 2938; x_wconf 90' lang='lat' dir='ltr'>ridiculum</span> <span class='ocrx_word' id='word_1_128' title='bbox 727 2885 776 2938; x_wconf 91' lang='lat' dir='ltr'>est</span> <span class='ocrx_word' id='word_1_129' title='bbox 797 2874 875 2938; x_wconf 92' lang='lat' dir='ltr'>illud</span> <span class='ocrx_word' id='word_1_130' title='bbox 889 2877 921 2936; x_wconf 92' lang='lat' dir='ltr'>in</span> <span class='ocrx_word' id='word_1_131' title='bbox 937 2877 1030 2937; x_wconf 77' lang='lat' dir='ltr'>{tanis</span> <span class='ocrx_word' id='word_1_132' title='bbox 1052 2896 1082 2937; x_wconf 87' lang='lat' dir='ltr'>v.</span> <span class='ocrx_word' id='word_1_133' title='bbox 1103 2877 1175 2939; x_wconf 77' lang='lat' dir='ltr'>ool.</span> 
     </span>
     <span class='ocr_line' id='line_1_23' title="bbox 88 2978 1179 3060; baseline -0.002 -18"><span class='ocrx_word' id='word_1_134' title='bbox 88 2981 148 3043; x_wconf 84' lang='lat' dir='ltr'>uoi</span> <span class='ocrx_word' id='word_1_135' title='bbox 172 2982 323 3058; x_wconf 78' lang='lat' dir='ltr'>BacchuS,</span> <span class='ocrx_word' id='word_1_136' title='bbox 351 2979 427 3041; x_wconf 92' lang='lat' dir='ltr'>dum</span> <span class='ocrx_word' id='word_1_137' title='bbox 451 2978 647 3060; x_wconf 87' lang='lat' dir='ltr'>verberatur,</span> <span class='ocrx_word' id='word_1_138' title='bbox 677 2979 812 3043; x_wconf 88' lang='lat' dir='ltr'>dolorem</span> <span class='ocrx_word' id='word_1_139' title='bbox 836 2978 1034 3041; x_wconf 81' lang='lat' dir='ltr'>dissimulans</span> <span class='ocrx_word' id='word_1_140' title='bbox 1056 2989 1179 3042; x_wconf 85' lang='lat' dir='ltr'>cantare</span> 
     </span>
     <span class='ocr_line' id='line_1_24' title="bbox 86 3081 1180 3164; baseline -0.001 -18"><span class='ocrx_word' id='word_1_141' title='bbox 86 3085 209 3164; x_wconf 80' lang='lat' dir='ltr'>incipit,</span> <span class='ocrx_word' id='word_1_142' title='bbox 226 3083 281 3145; x_wconf 89' lang='lat' dir='ltr'>sed</span> <span class='ocrx_word' id='word_1_143' title='bbox 297 3085 437 3144; x_wconf 85' lang='lat' dir='ltr'>vincente</span> <span class='ocrx_word' id='word_1_144' title='bbox 453 3081 557 3144; x_wconf 90' lang='lat' dir='ltr'>doloro</span> <span class='ocrx_word' id='word_1_145' title='bbox 573 3103 611 3143; x_wconf 87' lang='lat' dir='ltr'>ex</span> <span class='ocrx_word' id='word_1_146' title='bbox 628 3093 721 3146; x_wconf 88' lang='lat' dir='ltr'>cantu</span> <span class='ocrx_word' id='word_1_147' title='bbox 737 3081 882 3145; x_wconf 85' lang='lat' dir='ltr'>excidens</span> <span class='ocrx_word' id='word_1_148' title='bbox 897 3084 1060 3163; x_wconf 85' lang='lat' dir='ltr'>postremis</span> <span class='ocrx_word' id='word_1_149' title='bbox 1075 3083 1180 3145; x_wconf 87' lang='lat' dir='ltr'>verbis</span> 
     </span>
     <span class='ocr_line' id='line_1_25' title="bbox 86 3186 492 3249; baseline -0.01 0"><span class='ocrx_word' id='word_1_150' title='bbox 86 3190 123 3249; x_wconf 89' lang='lat' dir='ltr'>in</span> <span class='ocrx_word' id='word_1_151' title='bbox 143 3189 314 3249; x_wconf 85' lang='lat' dir='ltr'>trimetrum</span> <span class='ocrx_word' id='word_1_152' title='bbox 330 3186 492 3248; x_wconf 90' lang='lat' dir='ltr'>relabitur:</span> 
     </span>
    </p>
   </div>
   <div class='ocr_carea' id='block_1_8' title="bbox 84 3296 1180 3822">
    <p class='ocr_par' dir='ltr' id='par_1_8' title="bbox 84 3296 1180 3822">
     <span class='ocr_line' id='line_1_26' title="bbox 179 3296 781 3392; baseline -0.002 -20"><span class='ocrx_word' id='word_1_153' title='bbox 179 3308 235 3373; x_wconf 86' lang='lat' dir='ltr'>Al.</span> <span class='ocrx_word' id='word_1_154' title='bbox 257 3300 437 3384; x_wconf 80' lang='grc' dir='ltr'><strong><em>Πόσειδον,</em></strong></span> <span class='ocrx_word' id='word_1_155' title='bbox 460 3300 538 3374; x_wconf 79' lang='grc' dir='ltr'>ΕΑ.</span> <span class='ocrx_word' id='word_1_156' title='bbox 562 3296 699 3392; x_wconf 72' lang='grc' dir='ltr'><strong><em>ἤλγησέν</em></strong></span> <span class='ocrx_word' id='word_1_157' title='bbox 720 3328 781 3383; x_wconf 75' lang='grc' dir='ltr'><strong><em>τις.</em></strong></span> 
     </span>
     <span class='ocr_line' id='line_1_27' title="bbox 179 3400 976 3495; baseline 0.001 -23"><span class='ocrx_word' id='word_1_158' title='bbox 179 3410 238 3474; x_wconf 87' lang='grc' dir='ltr'>ΔΙ.</span> <span class='ocrx_word' id='word_1_159' title='bbox 262 3401 300 3484; x_wconf 84' lang='grc' dir='ltr'>ὃς</span> <span class='ocrx_word' id='word_1_160' title='bbox 321 3401 473 3494; x_wconf 72' lang='grc' dir='ltr'><strong><em>Αἰγαίου</em></strong></span> <span class='ocrx_word' id='word_1_161' title='bbox 497 3410 631 3493; x_wconf 81' lang='grc' dir='ltr'><strong><em>πρῶνας</em></strong></span> <span class='ocrx_word' id='word_1_162' title='bbox 653 3400 675 3495; x_wconf 79' lang='grc' dir='ltr'>ἢ</span> <span class='ocrx_word' id='word_1_163' title='bbox 696 3406 842 3494; x_wconf 79' lang='grc' dir='ltr'><strong><em>γλαυκᾶς</em></strong></span> <span class='ocrx_word' id='word_1_164' title='bbox 861 3406 976 3493; x_wconf 82' lang='grc' dir='ltr'><strong><em>μίδεις</em></strong></span> 
     </span>
     <span class='ocr_line' id='line_1_28' title="bbox 558 3506 883 3596; baseline 0.009 -21"><span class='ocrx_word' id='word_1_165' title='bbox 558 3506 641 3588; x_wconf 81' lang='grc' dir='ltr'><strong><em>ἁλὸς</em></strong></span> <span class='ocrx_word' id='word_1_166' title='bbox 662 3509 696 3577; x_wconf 80' lang='grc' dir='ltr'>ἐν</span> <span class='ocrx_word' id='word_1_167' title='bbox 717 3510 883 3596; x_wconf 72' lang='grc' dir='ltr'><strong><em>βένθεσιν.</em></strong></span> 
     </span>
     <span class='ocr_line' id='line_1_29' title="bbox 84 3633 1180 3718; baseline -0.001 -20"><span class='ocrx_word' id='word_1_168' title='bbox 84 3637 191 3698; x_wconf 80' lang='lat' dir='ltr'>Etiam</span> <span class='ocrx_word' id='word_1_169' title='bbox 208 3637 238 3697; x_wconf 88' lang='lat' dir='ltr'>in</span> <span class='ocrx_word' id='word_1_170' title='bbox 259 3636 361 3714; x_wconf 84' lang='lat' dir='ltr'>lyricis</span> <span class='ocrx_word' id='word_1_171' title='bbox 378 3633 567 3696; x_wconf 83' lang='lat' dir='ltr'>carminibus</span> <span class='ocrx_word' id='word_1_172' title='bbox 589 3633 752 3716; x_wconf 83' lang='grc' dir='ltr'><strong><em>μεσόμνια</em></strong></span> <span class='ocrx_word' id='word_1_173' title='bbox 775 3655 900 3698; x_wconf 85' lang='lat' dir='ltr'>versum</span> <span class='ocrx_word' id='word_1_174' title='bbox 917 3635 1110 3718; x_wconf 87' lang='lat' dir='ltr'>interpellare</span> <span class='ocrx_word' id='word_1_175' title='bbox 1126 3635 1180 3699; x_wconf 90' lang='lat' dir='ltr'>di-</span> 
     </span>
     <span class='ocr_line' id='line_1_30' title="bbox 87 3738 302 3822; baseline -0.005 -21"><span class='ocrx_word' id='word_1_176' title='bbox 87 3738 213 3822; x_wconf 79' lang='lat' dir='ltr'>cetur§</span> <span class='ocrx_word' id='word_1_177' title='bbox 231 3741 264 3800; x_wconf 80' lang='lat' dir='ltr'>&#39;il</span> <span class='ocrx_word' id='word_1_178' title='bbox 274 3741 302 3800; x_wconf 91' lang='lat'>0.</span> 
     </span>
    </p>
   </div>
   <div class='ocr_carea' id='block_1_9' title="bbox 85 3975 1226 4271">
    <p class='ocr_par' dir='ltr' id='par_1_9' title="bbox 85 3975 1226 4271">
     <span class='ocr_line' id='line_1_31' title="bbox 178 3975 1226 4063; baseline 0.002 -19"><span class='ocrx_word' id='word_1_179' title='bbox 178 3975 294 4061; x_wconf 59' lang='lat'>§703</span> <span class='ocrx_word' id='word_1_180' title='bbox 328 3979 594 4054; x_wconf 89' lang='lat' dir='ltr'>Quemadmodum</span> <span class='ocrx_word' id='word_1_181' title='bbox 622 3982 654 4042; x_wconf 91' lang='lat' dir='ltr'>iu</span> <span class='ocrx_word' id='word_1_182' title='bbox 676 3979 840 4043; x_wconf 86' lang='lat' dir='ltr'>comoediis</span> <span class='ocrx_word' id='word_1_183' title='bbox 863 3982 918 4043; x_wconf 89' lang='lat' dir='ltr'>loci</span> <span class='ocrx_word' id='word_1_184' title='bbox 942 3982 1068 4063; x_wconf 88' lang='lat' dir='ltr'>quidam</span> <span class='ocrx_word' id='word_1_185' title='bbox 1092 3994 1175 4063; x_wconf 86' lang='lat' dir='ltr'>sunt,</span> <span class='ocrx_word' id='word_1_186' title='bbox 1223 4026 1226 4032; x_wconf 90' lang='lat'><em>-</em></span> 
     </span>
     <span class='ocr_line' id='line_1_32' title="bbox 85 4084 1179 4166; baseline 0.001 -19"><span class='ocrx_word' id='word_1_187' title='bbox 85 4087 145 4166; x_wconf 87' lang='lat' dir='ltr'>qui</span> <span class='ocrx_word' id='word_1_188' title='bbox 163 4086 244 4146; x_wconf 93' lang='lat' dir='ltr'>omni</span> <span class='ocrx_word' id='word_1_189' title='bbox 262 4094 358 4146; x_wconf 89' lang='lat' dir='ltr'>metro</span> <span class='ocrx_word' id='word_1_190' title='bbox 375 4094 507 4163; x_wconf 88' lang='lat' dir='ltr'>careant,</span> <span class='ocrx_word' id='word_1_191' title='bbox 527 4093 556 4146; x_wconf 89' lang='lat' dir='ltr'>et</span> <span class='ocrx_word' id='word_1_192' title='bbox 572 4084 662 4166; x_wconf 88' lang='lat' dir='ltr'>plane</span> <span class='ocrx_word' id='word_1_193' title='bbox 677 4103 768 4166; x_wconf 87' lang='lat' dir='ltr'>prosa</span> <span class='ocrx_word' id='word_1_194' title='bbox 784 4087 919 4147; x_wconf 79' lang='lat' dir='ltr'>oratioue</span> <span class='ocrx_word' id='word_1_195' title='bbox 935 4089 1041 4166; x_wconf 87' lang='lat' dir='ltr'>scripti</span> <span class='ocrx_word' id='word_1_196' title='bbox 1057 4089 1128 4165; x_wconf 87' lang='lat' dir='ltr'>sint,</span> <span class='ocrx_word' id='word_1_197' title='bbox 1144 4098 1179 4148; x_wconf 90' lang='lat' dir='ltr'>ut</span> 
     </span>
     <span class='ocr_line' id='line_1_33' title="bbox 87 4188 1174 4271; baseline 0.003 -23"><span class='ocrx_word' id='word_1_198' title='bbox 87 4205 280 4271; x_wconf 83' lang='lat' dir='ltr'>praeconum</span> <span class='ocrx_word' id='word_1_199' title='bbox 292 4188 555 4266; x_wconf 56' lang='lat' dir='ltr'>proclamationes</span> <span class='ocrx_word' id='word_1_200' title='bbox 572 4189 698 4251; x_wconf 86' lang='lat' dir='ltr'>velutin</span> <span class='ocrx_word' id='word_1_201' title='bbox 713 4189 1034 4270; x_wconf 85' lang='lat' dir='ltr'>Thesmophoriazusis</span> <span class='ocrx_word' id='word_1_202' title='bbox 1046 4211 1076 4251; x_wconf 89' lang='lat' dir='ltr'>v.</span> <span class='ocrx_word' id='word_1_203' title='bbox 1088 4194 1174 4269; x_wconf 71' lang='lat'>295,</span> 
     </span>
    </p>
   </div>
   <div class='ocr_carea' id='block_1_10' title="bbox 0 0 1406 4912">
    <p class='ocr_par' dir='ltr' id='par_1_10' title="bbox 0 0 1406 4912">
     <span class='ocr_line' id='line_1_34' title="bbox 0 0 1406 4912; baseline 0 1"><span class='ocrx_word' id='word_1_204' title='bbox 0 0 1406 4912; x_wconf 95' lang='lat' dir='ltr'> </span> 
     </span>
    </p>
   </div>
  </div>
 </body>
</html>
