2804 4912
555 338 723 378 rursusne.
1130 337 1183 377 xm

89 489 126 552 in
151 508 214 570 quo
233 494 340 553 tamen
361 488 405 564 si,
430 495 464 552 ut
485 488 502 571 ξ
521 492 592 552 1511.
619 487 704 566 dixi,
730 482 787 573 τὴν
810 478 992 572 αὐλητρίδα
1016 486 1181 565 scribatur,

90 595 175 659 nihil
199 595 258 660 erit
280 595 364 678 quod
379 595 549 678 vituperari
574 595 684 677 possit.
717 595 840 660 Certius
864 600 911 658 est
932 592 991 657 boc
1007 594 1184 677 oxenrplurn

92 703 128 767 in
145 703 245 768 Ranis
259 724 292 768 v.
313 706 406 767 12211.

184 859 225 922 Δ.
249 850 432 943 Εὐριπίδη,
466 859 531 920 Er.
554 852 587 921 τί
611 850 719 935 ibam
745 857 786 919 A.
811 850 960 943 ὑφέσθαι
982 877 1040 938 μοι
1064 855 1184 934 δοκεῖς.

95 1027 241 1105 Quocum
264 1050 323 1112 ego
344 1029 470 1111 quidem
493 1051 556 1095 non
578 1049 773 1113 comparem,
798 1047 878 1110 (pirae
902 1028 1077 1111 Reisigius‚
1102 1030 1186 1110 quod

95 1130 189 1199 ἐστὶν
211 1136 243 1214 in
260 1137 322 1201 fine
337 1137 529 1218 quaestionis
545 1157 669 1220 semper
684 1137 810 1220 plenunr
827 1136 1020 1220 proferatur,
1046 1136 1187 1200 ciusdem

92 1243 224 1324 generis
247 1262 318 1309 esse
344 1245 493 1327 putabat,
522 1244 554 1309 in
577 1246 660 1309 Pace
685 1245 810 1309 v.187.
836 1243 868 1307 in
891 1242 1012 1307 Avibus
1037 1246 1128 1306 1495.
1154 1243 1187 1307 in

94 1349 246 1415 Nubibus
262 1354 336 1414 214.
349 1377 356 1415 :

184 1498 257 1567 ἙΡ.
282 1501 392 1592 πατὴρ
416 1503 454 1570 δέ
475 1528 530 1570 σαι.
553 1501 605 1582 τίς
627 1503 733 1585 torm
758 1508 796 1567 Τ.
823 1499 918 1586 ἐμοῖς
939 1500 1159 1591 μιαρώτατος.

189 1615 259 1675 ΠΡ.
282 1614 346 1675 παῖ
367 1610 616 1698 Πεισθέταιρός
638 1610 749 1690 iorum
775 1614 866 1674 ΠΕΙ.
891 1606 940 1689 ἔα,
964 1607 1056 1677 couci
1078 1608 1114 1675 τί
1134 1600 1189 1698 ἧν,·

188 1721 283 1783 ΕΤΡ.
307 1712 378 1783 ἀλλ’
402 1714 421 1807 ἡ
440 1717 670 1802 Λακεδαίμων
692 1723 762 1782 nori
781 1711 884 1797 'cutm
905 1722 955 1782 M.
980 1714 1066 1782 ὅπου
1089 1713 1189 1798 'ocim-

771 1820 878 1912 αὑτηΐ.

99 2000 205 2065 Immo
224 2000 310 2067 haud
332 2001 398 2066 scio
412 2022 454 2065 an
469 2001 519 2066 his
535 2001 567 2065 in
583 1999 661 2065 locis
676 1999 876 2065 scribendum
897 1999 938 2064 sit
960 1992 1036 2063 ἔστ’.
1070 2001 1106 2064 Ια
1123 2022 1190 2065 orn-

98 2106 198 2171 nibus
213 2108 297 2172 enim
312 2109 412 2173 ornitti
427 2114 550 2192 poterat
565 2103 652 2187 iuri,
673 2108 747 2189 quia
767 2107 807 2172 dc
822 2107 894 2171 aliis
909 2107 1002 2172 rebus
1018 2108 1188 2189 (praeitur,

100 2234 168 2278 non
183 2213 224 2278 de
239 2234 289 2293 eo,
310 2216 393 2298 quod
408 2216 470 2281 isto
485 2217 580 2282 verbo
596 2214 781 2280 continetur.
814 2215 863 2279 Ab
878 2234 916 2281 eo
930 2235 1045 2296 genere
1060 2217 1191 2280 inuitum

101 2322 197 2385 abest
217 2317 252 2385 τί
272 2316 376 2400 ἔστιν,
400 2343 462 2406 (μα)
483 2343 578 2405 quum
602 2322 795 2405 significetur
816 2322 893 2403 quid
914 2321 1032 2386 factum
1048 2323 1104 2400 sit,
1128 2344 1191 2389 non

102 2433 210 2512 potest
224 2429 324 2494 omitti
348 2425 433 2506 ἐστι’,
458 2431 515 2495 sed
537 2429 729 2495 efferendum
750 2436 799 2494 est
820 2448 896 2493 voce
911 2428 943 2492 in
959 2431 1192 2512 pronuntianda

102 2536 308 2618 quaestione,
347 2556 446 2618 eaque
476 2556 590 2602 caussa
623 2537 729 2620 aptius
757 2535 882 2601 ridetur
912 2536 1067 2619 integrum
1098 2558 1191 2620 quarn

102 2644 280 2727 intercepta
305 2644 408 2710 vocali
434 2644 576 2728 proferri.
613 2645 686 2709 Non
711 2643 814 2708 ausim
840 2663 877 2709 eo
903 2645 997 2710 modo
1023 2645 1192 2712 defendere

103 2750 247 2815 Nubium
260 2773 292 2817 v.
313 2755 407 2816 1192.

194 2908 289 2970 ΣΤΡ.
310 2905 364 2971 ἵνα
388 2904 427 2994 δὴ
450 2900 485 2972 τί
505 2902 563 2995 τὴν
585 2901 655 2994 ἔνην
676 2904 899 2993 apocri-innam
925 2910 965 2970 Φ.
983 2901 1035 2986 ἵν’,
1059 2894 1190 2989 ὦμέλε,

103 3079 292 3165 praesertim
308 3100 403 3162 quum
418 3081 449 3145 in
467 3101 528 3145 uno
544 3079 652 3145 codiee
668 3070 847 3165 προςὲθητδ
864 3079 1025 3144 inventurn
1041 3079 1092 3145 sit.

146 3214 149 3223 Α
197 3237 325 3301 Praeter
346 3234 429 3299 hano
451 3234 491 3300 de
516 3254 579 3317 qua
600 3235 718 3300 dictum
740 3240 788 3299 cst
809 3234 974 3318 anapaesti
995 3235 1028 3299 in
1054 3234 1193 3300 trimetro

104 3342 245 3409 iambico
272 3340 461 3407 divisionem
486 3340 551 3406 alia
578 3349 626 3407 est
648 3361 728 3424 quae
754 3341 947 3425 improbatur
971 3342 1135 3406 verborum
1161 3342 1193 3406 in

104 3469 203 3517 versu
232 3450 428 3527 terminatio,
461 3455 703 3513 commemorata
731 3448 748 3532 ξ
781 3452 849 3512 154.
882 3468 977 3530 quurn
1006 3456 1080 3513 ante
1109 3449 1195 3512 arsin

105 3558 257 3642 dactylus
271 3556 365 3624 finem
380 3555 524 3622 vocabuli
539 3555 649 3634 habet,
674 3562 708 3620 ut
728 3556 761 3619 in
776 3575 869 3621 versu
886 3555 1080 3639 Lysistratae
1102 3555 1195 3618 sicin

105 3664 299 3748 quibusdam
314 3664 403 3730 libris
418 3662 552 3747 scripto:

198 3811 271 3883 ἀλλ’
295 3812 355 3884 οὐκ
378 3812 511 3883 ἐκείνων
530 3805 569 3905 ἦν
590 3813 672 3881 τάδε
693 3811 962 3904 προυργιαίτερα.

108 3983 162 4049 vel
179 3982 213 4047 in
228 3983 318 4046 Pluto
333 4003 364 4048 v.
384 3984 458 4047 688.

201 4132 240 4201 τὸ
262 4131 398 4222 γρᾴδιον
420 4129 460 4212 δ’,
487 4131 533 4212 ὡς
552 4127 679 4224 ᾔσθετο
702 4131 741 4222 δή
763 4157 827 4216 μου
851 4131 907 4199 τὸν
930 4129 1056 4221 ψόφον.
