2804 4912
256 294 275 356 8
672 309 728 353 1111.
747 310 769 352 1.
784 284 858 353 Δ0111.
877 309 922 353 111.

253 485 292 525 ex
314 482 376 544 quo
391 481 502 542 genere
523 471 610 540 sunt,
636 463 691 543 qui
712 462 877 525 catalectici
896 463 1017 524 numeri
1038 471 1068 522 01
1088 460 1252 541 logaoedici
1274 482 1337 543 ap-

252 568 416 647 pellantur.
450 567 483 626 ln
505 566 552 626 his
568 584 647 645 quae
662 567 741 627 arsis
756 573 856 627 mutat
875 564 1017 627 ordinum
1034 564 1252 643 conditionem,
1278 567 1336 627 etsi

252 690 314 732 non
335 669 440 730 fortior
460 678 507 731 est
521 671 619 749 prima
635 670 711 747 arsi,
736 664 793 730 nec
807 677 908 748 potest
923 668 1027 730 tortior
1042 687 1125 747 csso,
1151 677 1185 730 ut
1200 686 1282 747 quac
1297 689 1338 730 ex

252 774 303 835 illa
318 781 389 835 nata
405 773 458 850 sit,
486 781 589 833 tamen
604 791 642 833 nc
658 772 800 834 cohibere
816 771 941 853 quidem
957 792 1025 835 sese
1046 782 1166 854 posset,
1193 773 1252 834 nisi
1274 792 1335 853 pe-

253 876 358 938 culiari
375 872 509 954 quodam
526 877 639 938 renisu.
674 877 765 955 Hinc,
791 876 845 956 qui
866 874 1027 956 diligenter
1041 875 1220 954 attenderit,
1248 874 1335 936 laoilc

252 979 383 1056 videbit,
410 979 467 1039 etsi
488 996 549 1038 non
570 979 742 1058 fortiorem,
767 989 800 1041 at
819 980 964 1059 singulari
987 988 1090 1040 tamen
1111 981 1140 1039 vi
1163 978 1335 1059 praeditam

252 1101 319 1144 esse
342 1082 424 1143 arsin
448 1080 591 1143 ordinum
612 1080 834 1161 periodicorum
857 1101 941 1161 eam,
967 1100 1047 1162 quae
1069 1091 1168 1144 mutat
1190 1082 1335 1145 ordinum

253 1185 466 1263 conditionem,
486 1193 521 1246 ut
535 1193 721 1266 postremam
737 1188 819 1248 arsin
835 1187 866 1247 in
880 1187 929 1247 his
944 1187 1093 1264 numeris,

337 1286 516 1367 Limam,
586 1287 792 1367 Lw.w.u'

252 1402 283 1455 ct
297 1392 417 1454 tertiam
433 1391 465 1451 in
481 1391 538 1452 hoo

336 1492 585 1556 Lam-wax·

337 1720 361 1800 ᾗ
377 1717 429 1782 21.
455 1719 554 1779 Potest
570 1737 642 1778 vero
657 1719 747 1778 ctiam
765 1721 933 1780 increscere
945 1720 992 1778 vis
1008 1737 1111 1779 arseos
1126 1719 1156 1778 in
1172 1716 1335 1780 ordinibus

253 1823 430 1905 periodiois:
456 1820 513 1883 sed
528 1822 585 1882 hoc
600 1840 698 1900 quum
713 1824 761 1901 tit,
788 1842 824 1883 ea
839 1824 932 1901 arsis,
956 1841 1035 1902 quae
1057 1821 1162 1882 fortior
1176 1830 1224 1882 est
1238 1840 1335 1901 prae-

253 1925 398 2005 cedente,
426 1925 633 2004 maioremque
654 1944 693 1985 ex
716 1945 748 1986 se
770 1925 908 1986 ordinem
930 1934 1085 2005 procreat,
1111 1924 1185 1985 nihil
1205 1933 1253 1986 est
1276 1926 1336 1986 nisi

253 2049 331 2091 nova
348 2039 379 2091 ct
393 2048 454 2090 non
470 2048 509 2089 011
524 2047 701 2108 praegressa
717 2030 777 2089 arsi
792 2038 864 2089 nata
880 2047 989 2090 caussa
1012 2026 1169 2106 absoluta,
1196 2027 1335 2090 incidens

252 2135 283 2194 in
299 2133 382 2194 arsin
397 2130 609 2193 secundariam
625 2133 795 2214 praegressi
811 2131 942 2208 ordinis;
962 2133 1019 2193 hoc
1034 2130 1139 2192 modo:

338 2237 415 2281 M

392 2341 483 2384 (AN.

254 2443 368 2523 quibus
384 2441 544 2504 ordinibus
559 2442 728 2503 coniunctis
743 2458 893 2504 numerus
907 2441 1044 2504 nascitur
1058 2441 1118 2519 hic,

338 2548 467 2591 m

253 2667 345 2728 quem
368 2658 496 2728 apparet
517 2668 579 2708 non
602 2666 692 2728 posse
714 2647 857 2729 proferri,
888 2649 946 2710 nisi
971 2648 1080 2710 lortius
1106 2666 1252 2729 expressa
1279 2667 1335 2709 se-

253 2750 353 2814 cunda
378 2753 456 2831 arsi,
486 2762 522 2814 ut
547 2770 626 2832 quae
652 2771 713 2813 non
739 2753 779 2813 sit
803 2760 875 2813 nata
900 2772 940 2813 ex
966 2773 1016 2831 ea,
1050 2771 1130 2832 quae
1155 2770 1334 2833 praegressa

254 2865 315 2917 est:
335 2874 364 2916 v.
384 2875 409 2916 c.

338 2993 400 3037 reae
417 2974 550 3056 Olympie
565 2974 711 3037 coelicola
774 2972 997 3022 Lv-'w-'vw

253 3095 337 3176 quod
352 3105 455 3157 contra
476 3097 606 3157 inversis
628 3086 789 3158 ordinibus
809 3096 958 3159 decrescit
972 3097 1019 3159 vis
1039 3098 1154 3158 arsium
1173 3106 1205 3157 et
1226 3097 1334 3156 immi-

253 3200 369 3277 nuitur,
388 3208 423 3260 ut
437 3218 477 3260 ex
491 3217 553 3261 una
570 3200 630 3260 arsi
646 3209 805 3261 natarum:

336 3316 450 3400 pinifer
467 3319 609 3400 Olympus
624 3328 651 3381 et
668 3320 756 3383 0000.
824 3318 1043 3366 Low-oo..)

254 3441 314 3501 llos
329 3420 452 3501 ordides
467 3439 651 3521 periodicos,
674 3441 706 3501 in
722 3440 836 3520 quibus
852 3460 930 3503 nova
947 3443 1024 3502 arsis
1038 3440 1169 3520 accedit,
1190 3460 1336 3505 numeros

253 3543 445 3605 concretos
461 3562 623 3605 vocamus:
643 3543 811 3623 dequibus
828 3544 889 3606 vid.
905 3545 1002 3606 Elem.
1020 3544 1050 3605 d.
1067 3565 1107 3605 m.
1124 3564 1155 3624 p.
1169 3547 1227 3606 611
1243 3564 1330 3626 seqq.

338 3763 431 3846 §22
469 3767 614 3829 Notamus
641 3778 744 3830 autem
770 3770 803 3829 in
829 3767 988 3831 ordinibus
1011 3768 1173 3849 periodicis
1197 3769 1250 3847 iis,
1281 3771 1335 3848 qui

252 3871 397 3951 aequales
412 3871 462 3930 vel
477 3871 654 3934 imminutos
670 3871 792 3934 ordines
805 3855 939 3951 habent,
964 3874 1095 3951 primam
1115 3881 1236 3934 tantum
1251 3874 1334 3934 arsin

252 3976 331 4036 ictu:
361 3975 392 4033 in
413 3975 560 4036 concretis
582 3984 684 4037 autem
707 3976 799 4037 etiam
819 3994 928 4036 novam
951 3977 1034 4037 illam
1057 3978 1150 4038 arsin.
1188 3977 1333 4037 Ceterum

253 4075 481 4138 observandum
496 4087 554 4157 est,
573 4076 808 4160 descriptionem
823 4081 944 4166 numeri
960 4079 1062 4157 talem,

338 4177 388 4226 Lx)
408 4177 482 4226 Lw
502 4178 602 4228 va
