<?xml version="1.0" encoding="UTF-8"?>
<!DOCTYPE html PUBLIC "-//W3C//DTD XHTML 1.0 Transitional//EN"
    "http://www.w3.org/TR/xhtml1/DTD/xhtml1-transitional.dtd">
<html xmlns="http://www.w3.org/1999/xhtml" xml:lang="en" lang="en">
 <head>
  <title>
</title>
<meta http-equiv="Content-Type" content="text/html;charset=utf-8" />
  <meta name='ocr-system' content='tesseract 3.04.00' />
  <meta name='ocr-capabilities' content='ocr_page ocr_carea ocr_par ocr_line ocrx_word'/>
</head>
<body>
  <div class='ocr_page' id='page_1' title='image "./godofrediherman00hermgoog/godofrediherman00hermgoog_0278.png"; bbox 0 0 2804 4912; ppageno 0'>
   <div class='ocr_carea' id='block_1_1' title="bbox 154 295 839 356">
    <p class='ocr_par' dir='ltr' id='par_1_1' title="bbox 154 295 839 356">
     <span class='ocr_line' id='line_1_1' title="bbox 154 295 839 356; baseline -0.003 0"><span class='ocrx_word' id='word_1_1' title='bbox 154 295 216 356; x_wconf 81' lang='lat'>236</span> <span class='ocrx_word' id='word_1_2' title='bbox 547 313 602 354; x_wconf 81' lang='lat' dir='ltr'>nn.</span> <span class='ocrx_word' id='word_1_3' title='bbox 624 313 668 355; x_wconf 85' lang='lat' dir='ltr'>m.</span> <span class='ocrx_word' id='word_1_4' title='bbox 699 314 761 355; x_wconf 76' lang='lat' dir='ltr'>ear.</span> <span class='ocrx_word' id='word_1_5' title='bbox 781 314 839 356; x_wconf 80' lang='lat' dir='ltr'>xix.</span> 
     </span>
    </p>
   </div>
   <div class='ocr_carea' id='block_1_2' title="bbox 153 457 1251 1771">
    <p class='ocr_par' dir='ltr' id='par_1_2' title="bbox 153 457 1251 1771">
     <span class='ocr_line' id='line_1_2' title="bbox 239 457 1251 546; baseline -0.003 -17"><span class='ocrx_word' id='word_1_6' title='bbox 239 461 353 545; x_wconf 62' lang='lat'>5637.</span> <span class='ocrx_word' id='word_1_7' title='bbox 380 467 487 546; x_wconf 89' lang='lat' dir='ltr'>Neque</span> <span class='ocrx_word' id='word_1_8' title='bbox 503 484 582 545; x_wconf 91' lang='lat' dir='ltr'>quae</span> <span class='ocrx_word' id='word_1_9' title='bbox 605 460 648 542; x_wconf 77' lang='grc' dir='ltr'>ἐξ</span> <span class='ocrx_word' id='word_1_10' title='bbox 668 457 827 544; x_wconf 82' lang='grc' dir='ltr'><strong><em>ὁμοίων</em></strong></span> <span class='ocrx_word' id='word_1_11' title='bbox 851 467 999 529; x_wconf 77' lang='lat' dir='ltr'>dicuntur</span> <span class='ocrx_word' id='word_1_12' title='bbox 1018 466 1062 529; x_wconf 89' lang='lat' dir='ltr'>ad</span> <span class='ocrx_word' id='word_1_13' title='bbox 1078 468 1164 527; x_wconf 89' lang='lat' dir='ltr'>hane</span> <span class='ocrx_word' id='word_1_14' title='bbox 1179 467 1251 546; x_wconf 89' lang='lat' dir='ltr'>qui-</span> 
     </span>
     <span class='ocr_line' id='line_1_3' title="bbox 155 569 1251 650; baseline -0.002 -18"><span class='ocrx_word' id='word_1_15' title='bbox 155 569 225 632; x_wconf 90' lang='lat' dir='ltr'>dem</span> <span class='ocrx_word' id='word_1_16' title='bbox 242 572 437 650; x_wconf 75' lang='lat' dir='ltr'>partitionem</span> <span class='ocrx_word' id='word_1_17' title='bbox 452 569 664 649; x_wconf 79' lang='lat' dir='ltr'>pertinebant,</span> <span class='ocrx_word' id='word_1_18' title='bbox 691 580 726 633; x_wconf 92' lang='lat' dir='ltr'>ut</span> <span class='ocrx_word' id='word_1_19' title='bbox 742 572 772 630; x_wconf 94' lang='lat' dir='ltr'>in</span> <span class='ocrx_word' id='word_1_20' title='bbox 788 569 904 649; x_wconf 89' lang='lat' dir='ltr'>quihus</span> <span class='ocrx_word' id='word_1_21' title='bbox 920 590 982 631; x_wconf 92' lang='lat' dir='ltr'>uon</span> <span class='ocrx_word' id='word_1_22' title='bbox 999 570 1251 650; x_wconf 79' lang='lat' dir='ltr'>comparationes</span> 
     </span>
     <span class='ocr_line' id='line_1_4' title="bbox 154 672 1251 754; baseline -0.001 -20"><span class='ocrx_word' id='word_1_23' title='bbox 154 683 374 751; x_wconf 79' lang='lat' dir='ltr'>systematum,</span> <span class='ocrx_word' id='word_1_24' title='bbox 402 672 457 734; x_wconf 89' lang='lat' dir='ltr'>sed</span> <span class='ocrx_word' id='word_1_25' title='bbox 479 674 568 734; x_wconf 89' lang='lat' dir='ltr'>metri</span> <span class='ocrx_word' id='word_1_26' title='bbox 591 692 689 752; x_wconf 77' lang='lat' dir='ltr'>genus</span> <span class='ocrx_word' id='word_1_27' title='bbox 720 682 885 754; x_wconf 77' lang='lat' dir='ltr'>spectetur.</span> <span class='ocrx_word' id='word_1_28' title='bbox 927 673 1054 735; x_wconf 81' lang='lat' dir='ltr'>liabent</span> <span class='ocrx_word' id='word_1_29' title='bbox 1080 674 1169 734; x_wconf 90' lang='lat' dir='ltr'>enim</span> <span class='ocrx_word' id='word_1_30' title='bbox 1196 675 1251 735; x_wconf 87' lang='lat' dir='ltr'>hoe</span> 
     </span>
     <span class='ocr_line' id='line_1_5' title="bbox 154 776 1250 858; baseline 0 -21"><span class='ocrx_word' id='word_1_31' title='bbox 154 796 265 838; x_wconf 92' lang='lat' dir='ltr'>nomen</span> <span class='ocrx_word' id='word_1_32' title='bbox 281 797 327 856; x_wconf 88' lang='lat' dir='ltr'>ea,</span> <span class='ocrx_word' id='word_1_33' title='bbox 343 796 423 858; x_wconf 89' lang='lat' dir='ltr'>quae</span> <span class='ocrx_word' id='word_1_34' title='bbox 439 797 500 839; x_wconf 93' lang='lat' dir='ltr'>uno</span> <span class='ocrx_word' id='word_1_35' title='bbox 513 794 624 856; x_wconf 81' lang='lat' dir='ltr'>genere</span> <span class='ocrx_word' id='word_1_36' title='bbox 635 777 725 858; x_wconf 88' lang='lat' dir='ltr'>pedis</span> <span class='ocrx_word' id='word_1_37' title='bbox 737 776 786 837; x_wconf 90' lang='lat' dir='ltr'>vel</span> <span class='ocrx_word' id='word_1_38' title='bbox 801 779 922 838; x_wconf 90' lang='lat' dir='ltr'>numeri</span> <span class='ocrx_word' id='word_1_39' title='bbox 936 778 1002 838; x_wconf 90' lang='lat' dir='ltr'>sine</span> <span class='ocrx_word' id='word_1_40' title='bbox 1020 779 1250 858; x_wconf 81' lang='lat' dir='ltr'>interruptione</span> 
     </span>
     <span class='ocr_line' id='line_1_6' title="bbox 155 880 1246 962; baseline -0.002 -21"><span class='ocrx_word' id='word_1_41' title='bbox 155 880 334 959; x_wconf 82' lang='lat' dir='ltr'>decurrunt,</span> <span class='ocrx_word' id='word_1_42' title='bbox 349 882 368 941; x_wconf 93' lang='lat' dir='ltr'>i.</span> <span class='ocrx_word' id='word_1_43' title='bbox 386 900 412 942; x_wconf 86' lang='lat' dir='ltr'>e.</span> <span class='ocrx_word' id='word_1_44' title='bbox 430 899 511 960; x_wconf 87' lang='lat' dir='ltr'>quae</span> <span class='ocrx_word' id='word_1_45' title='bbox 524 890 691 960; x_wconf 86' lang='lat' dir='ltr'>systemata</span> <span class='ocrx_word' id='word_1_46' title='bbox 703 881 805 941; x_wconf 85' lang='lat' dir='ltr'>vocari</span> <span class='ocrx_word' id='word_1_47' title='bbox 817 881 926 960; x_wconf 87' lang='lat' dir='ltr'>solent,</span> <span class='ocrx_word' id='word_1_48' title='bbox 943 890 978 942; x_wconf 88' lang='lat' dir='ltr'>ut</span> <span class='ocrx_word' id='word_1_49' title='bbox 990 891 1246 962; x_wconf 77' lang='lat' dir='ltr'>anapaestorum</span> 
     </span>
     <span class='ocr_line' id='line_1_7' title="bbox 154 977 1249 1064; baseline 0.001 -21"><span class='ocrx_word' id='word_1_50' title='bbox 154 985 339 1063; x_wconf 87' lang='lat' dir='ltr'>lonicorum,</span> <span class='ocrx_word' id='word_1_51' title='bbox 359 985 551 1063; x_wconf 89' lang='lat' dir='ltr'>aliorumque</span> <span class='ocrx_word' id='word_1_52' title='bbox 566 1002 775 1054; x_wconf 89' lang='lat' dir='ltr'>numerorum.</span> <span class='ocrx_word' id='word_1_53' title='bbox 808 985 1052 1064; x_wconf 80' lang='lat' dir='ltr'>Distinguuntur</span> <span class='ocrx_word' id='word_1_54' title='bbox 1067 994 1178 1046; x_wconf 88' lang='lat' dir='ltr'>autem</span> <span class='ocrx_word' id='word_1_55' title='bbox 1202 977 1249 1046; x_wconf 81' lang='grc' dir='ltr'>τὰ</span> 
     </span>
     <span class='ocr_line' id='line_1_8' title="bbox 154 1077 1248 1170; baseline 0 -22"><span class='ocrx_word' id='word_1_56' title='bbox 154 1080 198 1161; x_wconf 78' lang='grc' dir='ltr'>ἐξ</span> <span class='ocrx_word' id='word_1_57' title='bbox 218 1077 379 1164; x_wconf 84' lang='grc' dir='ltr'><strong><em>ὁμοίων</em></strong></span> <span class='ocrx_word' id='word_1_58' title='bbox 400 1090 430 1147; x_wconf 94' lang='lat' dir='ltr'>in</span> <span class='ocrx_word' id='word_1_59' title='bbox 454 1078 756 1170; x_wconf 79' lang='grc' dir='ltr'><strong><em>ἀπιριὸριστα,</em></strong></span> <span class='ocrx_word' id='word_1_60' title='bbox 780 1106 860 1167; x_wconf 87' lang='lat' dir='ltr'>quae</span> <span class='ocrx_word' id='word_1_61' title='bbox 884 1107 945 1149; x_wconf 93' lang='lat' dir='ltr'>uno</span> <span class='ocrx_word' id='word_1_62' title='bbox 961 1098 1070 1149; x_wconf 87' lang='lat' dir='ltr'>tenore</span> <span class='ocrx_word' id='word_1_63' title='bbox 1089 1086 1248 1168; x_wconf 84' lang='lat' dir='ltr'>usquead</span> 
     </span>
     <span class='ocr_line' id='line_1_9' title="bbox 154 1190 1247 1274; baseline 0.001 -24"><span class='ocrx_word' id='word_1_64' title='bbox 154 1191 245 1250; x_wconf 84' lang='lat' dir='ltr'>finem</span> <span class='ocrx_word' id='word_1_65' title='bbox 260 1190 439 1269; x_wconf 84' lang='lat' dir='ltr'>procedunt,</span> <span class='ocrx_word' id='word_1_66' title='bbox 459 1193 477 1251; x_wconf 92' lang='lat' dir='ltr'>i.</span> <span class='ocrx_word' id='word_1_67' title='bbox 495 1211 521 1251; x_wconf 91' lang='lat' dir='ltr'>o.</span> <span class='ocrx_word' id='word_1_68' title='bbox 538 1209 618 1270; x_wconf 89' lang='lat' dir='ltr'>quae</span> <span class='ocrx_word' id='word_1_69' title='bbox 634 1210 732 1252; x_wconf 91' lang='lat' dir='ltr'>unum</span> <span class='ocrx_word' id='word_1_70' title='bbox 748 1200 882 1269; x_wconf 83' lang='lat' dir='ltr'>systema</span> <span class='ocrx_word' id='word_1_71' title='bbox 895 1200 983 1267; x_wconf 88' lang='lat' dir='ltr'>sunt;</span> <span class='ocrx_word' id='word_1_72' title='bbox 1003 1201 1037 1252; x_wconf 91' lang='lat' dir='ltr'>et</span> <span class='ocrx_word' id='word_1_73' title='bbox 1054 1195 1084 1274; x_wconf 87' lang='lat' dir='ltr'>in</span> <span class='ocrx_word' id='word_1_74' title='bbox 1103 1212 1154 1270; x_wconf 85' lang='lat' dir='ltr'>ea,</span> <span class='ocrx_word' id='word_1_75' title='bbox 1171 1210 1247 1271; x_wconf 89' lang='lat' dir='ltr'>quae</span> 
     </span>
     <span class='ocr_line' id='line_1_10' title="bbox 153 1284 1247 1377; baseline 0 -23"><span class='ocrx_word' id='word_1_76' title='bbox 153 1303 227 1355; x_wconf 92' lang='lat' dir='ltr'>sunt</span> <span class='ocrx_word' id='word_1_77' title='bbox 255 1287 360 1355; x_wconf 80' lang='grc' dir='ltr'><strong><em>κατὰ</em></strong></span> <span class='ocrx_word' id='word_1_78' title='bbox 389 1286 698 1377; x_wconf 77' lang='grc' dir='ltr'><strong><em>περισρισμσύς</em></strong></span> <span class='ocrx_word' id='word_1_79' title='bbox 728 1284 914 1371; x_wconf 77' lang='grc' dir='ltr'><strong><em>ἀνίσους,</em></strong></span> <span class='ocrx_word' id='word_1_80' title='bbox 948 1296 967 1353; x_wconf 92' lang='lat' dir='ltr'>i.</span> <span class='ocrx_word' id='word_1_81' title='bbox 996 1314 1024 1355; x_wconf 89' lang='lat' dir='ltr'>e.</span> <span class='ocrx_word' id='word_1_82' title='bbox 1058 1314 1144 1376; x_wconf 88' lang='lat' dir='ltr'>quae</span> <span class='ocrx_word' id='word_1_83' title='bbox 1172 1313 1247 1355; x_wconf 88' lang='lat' dir='ltr'>oon-</span> 
     </span>
     <span class='ocr_line' id='line_1_11' title="bbox 153 1397 1247 1478; baseline 0.001 -20"><span class='ocrx_word' id='word_1_84' title='bbox 153 1407 235 1458; x_wconf 85' lang='lat' dir='ltr'>stant</span> <span class='ocrx_word' id='word_1_85' title='bbox 257 1418 297 1458; x_wconf 80' lang='lat' dir='ltr'>ex</span> <span class='ocrx_word' id='word_1_86' title='bbox 318 1398 461 1476; x_wconf 92' lang='lat' dir='ltr'>pluribus</span> <span class='ocrx_word' id='word_1_87' title='bbox 484 1398 624 1460; x_wconf 90' lang='lat' dir='ltr'>eiusdem</span> <span class='ocrx_word' id='word_1_88' title='bbox 645 1400 781 1477; x_wconf 80' lang='lat' dir='ltr'>generis,</span> <span class='ocrx_word' id='word_1_89' title='bbox 808 1398 863 1459; x_wconf 91' lang='lat' dir='ltr'>sed</span> <span class='ocrx_word' id='word_1_90' title='bbox 884 1397 1016 1460; x_wconf 86' lang='lat' dir='ltr'>diversis</span> <span class='ocrx_word' id='word_1_91' title='bbox 1040 1400 1125 1460; x_wconf 86' lang='lat' dir='ltr'>inter</span> <span class='ocrx_word' id='word_1_92' title='bbox 1141 1416 1176 1458; x_wconf 91' lang='lat' dir='ltr'>se</span> <span class='ocrx_word' id='word_1_93' title='bbox 1192 1417 1247 1478; x_wconf 81' lang='lat' dir='ltr'>sy-</span> 
     </span>
     <span class='ocr_line' id='line_1_12' title="bbox 153 1499 1246 1581; baseline 0 -20"><span class='ocrx_word' id='word_1_94' title='bbox 153 1503 306 1578; x_wconf 83' lang='lat' dir='ltr'>stematis,</span> <span class='ocrx_word' id='word_1_95' title='bbox 338 1511 372 1562; x_wconf 90' lang='lat' dir='ltr'>ut</span> <span class='ocrx_word' id='word_1_96' title='bbox 399 1519 491 1581; x_wconf 89' lang='lat' dir='ltr'>saepe</span> <span class='ocrx_word' id='word_1_97' title='bbox 517 1503 549 1561; x_wconf 91' lang='lat' dir='ltr'>in</span> <span class='ocrx_word' id='word_1_98' title='bbox 575 1499 697 1581; x_wconf 91' lang='lat' dir='ltr'>parodis</span> <span class='ocrx_word' id='word_1_99' title='bbox 725 1501 951 1581; x_wconf 80' lang='lat' dir='ltr'>tragoediarum</span> <span class='ocrx_word' id='word_1_100' title='bbox 983 1502 1075 1580; x_wconf 88' lang='lat' dir='ltr'>plura</span> <span class='ocrx_word' id='word_1_101' title='bbox 1104 1501 1246 1562; x_wconf 85' lang='lat' dir='ltr'>diversae</span> 
     </span>
     <span class='ocr_line' id='line_1_13' title="bbox 153 1604 1242 1684; baseline 0 -21"><span class='ocrx_word' id='word_1_102' title='bbox 153 1604 351 1683; x_wconf 77' lang='lat' dir='ltr'>longitudinis</span> <span class='ocrx_word' id='word_1_103' title='bbox 379 1613 546 1682; x_wconf 81' lang='lat' dir='ltr'>systemata</span> <span class='ocrx_word' id='word_1_104' title='bbox 573 1606 767 1683; x_wconf 81' lang='lat' dir='ltr'>anapaestico</span> <span class='ocrx_word' id='word_1_105' title='bbox 796 1606 1012 1684; x_wconf 80' lang='lat' dir='ltr'>inveniuntur,</span> <span class='ocrx_word' id='word_1_106' title='bbox 1045 1606 1105 1666; x_wconf 89' lang='lat' dir='ltr'>hoe</span> <span class='ocrx_word' id='word_1_107' title='bbox 1135 1604 1242 1667; x_wconf 88' lang='lat' dir='ltr'>modo:</span> 
     </span>
     <span class='ocr_line' id='line_1_14' title="bbox 153 1705 433 1771; baseline -0.004 -4"><span class='ocrx_word' id='word_1_108' title='bbox 153 1705 200 1767; x_wconf 87' lang='lat' dir='ltr'>A.</span> <span class='ocrx_word' id='word_1_109' title='bbox 221 1707 259 1767; x_wconf 91' lang='lat' dir='ltr'>B.</span> <span class='ocrx_word' id='word_1_110' title='bbox 281 1708 315 1767; x_wconf 90' lang='grc' dir='ltr'>Γ.</span> <span class='ocrx_word' id='word_1_111' title='bbox 336 1707 377 1769; x_wconf 89' lang='grc' dir='ltr'>Δ.</span> <span class='ocrx_word' id='word_1_112' title='bbox 394 1709 433 1771; x_wconf 90' lang='grc' dir='ltr'>Ε.</span> 
     </span>
    </p>
   </div>
   <div class='ocr_carea' id='block_1_3' title="bbox 153 1907 1247 2201">
    <p class='ocr_par' dir='ltr' id='par_1_3' title="bbox 153 1907 1247 2201">
     <span class='ocr_line' id='line_1_15' title="bbox 238 1907 1247 1998; baseline -0.002 -20"><span class='ocrx_word' id='word_1_113' title='bbox 238 1911 353 1993; x_wconf 69' lang='lat'>§638</span> <span class='ocrx_word' id='word_1_114' title='bbox 380 1908 523 1976; x_wconf 80' lang='grc' dir='ltr'><strong><em>Μικιὰ</em></strong></span> <span class='ocrx_word' id='word_1_115' title='bbox 545 1907 835 1998; x_wconf 80' lang='grc' dir='ltr'><strong><em>συστηματικὰ</em></strong></span> <span class='ocrx_word' id='word_1_116' title='bbox 857 1913 1020 1992; x_wconf 86' lang='lat' dir='ltr'>dicuntur,</span> <span class='ocrx_word' id='word_1_117' title='bbox 1053 1933 1139 1994; x_wconf 87' lang='lat' dir='ltr'>quae</span> <span class='ocrx_word' id='word_1_118' title='bbox 1171 1917 1247 1978; x_wconf 90' lang='lat' dir='ltr'>liunt</span> 
     </span>
     <span class='ocr_line' id='line_1_16' title="bbox 153 2017 1245 2100; baseline 0.003 -22"><span class='ocrx_word' id='word_1_119' title='bbox 153 2019 322 2078; x_wconf 81' lang='lat' dir='ltr'>coniunctis</span> <span class='ocrx_word' id='word_1_120' title='bbox 339 2017 469 2078; x_wconf 89' lang='lat' dir='ltr'>diversis</span> <span class='ocrx_word' id='word_1_121' title='bbox 488 2018 651 2097; x_wconf 72' lang='lat' dir='ltr'>generibus</span> <span class='ocrx_word' id='word_1_122' title='bbox 664 2019 942 2098; x_wconf 72' lang='lat' dir='ltr'>systematieorum</span> <span class='ocrx_word' id='word_1_123' title='bbox 958 2019 1055 2080; x_wconf 86' lang='lat' dir='ltr'>veluti</span> <span class='ocrx_word' id='word_1_124' title='bbox 1069 2019 1095 2080; x_wconf 92' lang='lat' dir='ltr'>si</span> <span class='ocrx_word' id='word_1_125' title='bbox 1109 2029 1245 2100; x_wconf 80' lang='lat' dir='ltr'>exparte</span> 
     </span>
     <span class='ocr_line' id='line_1_17' title="bbox 153 2111 873 2201; baseline -0.004 -19"><span class='ocrx_word' id='word_1_126' title='bbox 153 2113 237 2182; x_wconf 77' lang='grc' dir='ltr'><strong><em>κατὰ</em></strong></span> <span class='ocrx_word' id='word_1_127' title='bbox 253 2112 373 2198; x_wconf 78' lang='grc' dir='ltr'><strong><em>σχέσιν,</em></strong></span> <span class='ocrx_word' id='word_1_128' title='bbox 390 2131 527 2201; x_wconf 85' lang='lat' dir='ltr'>exparte</span> <span class='ocrx_word' id='word_1_129' title='bbox 544 2111 776 2200; x_wconf 77' lang='grc' dir='ltr'><em>ἀπολελυμένα</em></span> <span class='ocrx_word' id='word_1_130' title='bbox 792 2131 873 2183; x_wconf 91' lang='lat' dir='ltr'>sunt.</span> 
     </span>
    </p>
   </div>
   <div class='ocr_carea' id='block_1_4' title="bbox 152 2321 1244 2717">
    <p class='ocr_par' dir='ltr' id='par_1_4' title="bbox 152 2321 1244 2717">
     <span class='ocr_line' id='line_1_18' title="bbox 238 2321 1242 2411; baseline -0.002 -19"><span class='ocrx_word' id='word_1_131' title='bbox 238 2324 351 2407; x_wconf 58' lang='lat'><em>5639.</em></span> <span class='ocrx_word' id='word_1_132' title='bbox 390 2331 528 2408; x_wconf 88' lang='lat' dir='ltr'>Denique</span> <span class='ocrx_word' id='word_1_133' title='bbox 559 2323 680 2390; x_wconf 85' lang='grc' dir='ltr'><strong><em>κοινὰ</em></strong></span> <span class='ocrx_word' id='word_1_134' title='bbox 712 2321 1000 2411; x_wconf 76' lang='grc' dir='ltr'><strong><em>συστηματικὰ</em></strong></span> <span class='ocrx_word' id='word_1_135' title='bbox 1031 2329 1242 2407; x_wconf 82' lang='lat' dir='ltr'>appellantur,</span> 
     </span>
     <span class='ocr_line' id='line_1_19' title="bbox 153 2431 1244 2514; baseline 0 -22"><span class='ocrx_word' id='word_1_136' title='bbox 153 2451 232 2511; x_wconf 90' lang='lat' dir='ltr'>quae</span> <span class='ocrx_word' id='word_1_137' title='bbox 256 2431 447 2493; x_wconf 90' lang='lat' dir='ltr'>diversorum</span> <span class='ocrx_word' id='word_1_138' title='bbox 467 2432 595 2514; x_wconf 84' lang='lat' dir='ltr'>perinde</span> <span class='ocrx_word' id='word_1_139' title='bbox 619 2451 766 2512; x_wconf 79' lang='lat' dir='ltr'>generum</span> <span class='ocrx_word' id='word_1_140' title='bbox 791 2431 1052 2512; x_wconf 83' lang='lat' dir='ltr'>vidori&#39;possunt‚</span> <span class='ocrx_word' id='word_1_141' title='bbox 1079 2441 1117 2493; x_wconf 91' lang='lat' dir='ltr'>ut</span> <span class='ocrx_word' id='word_1_142' title='bbox 1134 2434 1244 2495; x_wconf 88' lang='lat' dir='ltr'>Horatii</span> 
     </span>
     <span class='ocr_line' id='line_1_20' title="bbox 152 2525 1243 2617; baseline 0.001 -21"><span class='ocrx_word' id='word_1_143' title='bbox 152 2537 252 2596; x_wconf 88' lang='lat' dir='ltr'>Carm.</span> <span class='ocrx_word' id='word_1_144' title='bbox 273 2537 320 2596; x_wconf 95' lang='lat' dir='ltr'>lll.</span> <span class='ocrx_word' id='word_1_145' title='bbox 344 2538 392 2596; x_wconf 60' lang='lat' dir='ltr'>lt.</span> <span class='ocrx_word' id='word_1_146' title='bbox 414 2536 497 2614; x_wconf 92' lang='lat' dir='ltr'>quod</span> <span class='ocrx_word' id='word_1_147' title='bbox 513 2537 652 2616; x_wconf 89' lang='lat' dir='ltr'>imperite</span> <span class='ocrx_word' id='word_1_148' title='bbox 670 2534 824 2597; x_wconf 85' lang='lat' dir='ltr'>videbitur</span> <span class='ocrx_word' id='word_1_149' title='bbox 840 2528 876 2609; x_wconf 76' lang='grc' dir='ltr'>ἐξ</span> <span class='ocrx_word' id='word_1_150' title='bbox 890 2525 1018 2613; x_wconf 83' lang='grc' dir='ltr'><strong><em>ὁμοίων</em></strong></span> <span class='ocrx_word' id='word_1_151' title='bbox 1034 2554 1126 2615; x_wconf 91' lang='lat' dir='ltr'>esse,</span> <span class='ocrx_word' id='word_1_152' title='bbox 1151 2538 1243 2617; x_wconf 83' lang='lat' dir='ltr'>perito</span> 
     </span>
     <span class='ocr_line' id='line_1_21' title="bbox 152 2631 490 2717; baseline -0.006 -17"><span class='ocrx_word' id='word_1_153' title='bbox 152 2647 254 2700; x_wconf 92' lang='lat' dir='ltr'>autem</span> <span class='ocrx_word' id='word_1_154' title='bbox 271 2631 356 2699; x_wconf 80' lang='grc' dir='ltr'><strong><em>κατὰ</em></strong></span> <span class='ocrx_word' id='word_1_155' title='bbox 372 2633 490 2717; x_wconf 80' lang='grc' dir='ltr'><strong><em>σχέσιν.</em></strong></span> 
     </span>
    </p>
   </div>
   <div class='ocr_carea' id='block_1_5' title="bbox 152 2840 1243 3339">
    <p class='ocr_par' dir='ltr' id='par_1_5' title="bbox 152 2840 1243 3339">
     <span class='ocr_line' id='line_1_22' title="bbox 237 2840 1242 2926; baseline 0.001 -17"><span class='ocrx_word' id='word_1_156' title='bbox 237 2843 352 2926; x_wconf 66' lang='lat' dir='ltr'>§Md</span> <span class='ocrx_word' id='word_1_157' title='bbox 379 2848 464 2919; x_wconf 90' lang='lat' dir='ltr'>Quae</span> <span class='ocrx_word' id='word_1_158' title='bbox 487 2840 591 2907; x_wconf 79' lang='grc' dir='ltr'><strong><em>κατὰ</em></strong></span> <span class='ocrx_word' id='word_1_159' title='bbox 615 2841 758 2925; x_wconf 80' lang='grc' dir='ltr'><strong><em>σχέσιν</em></strong></span> <span class='ocrx_word' id='word_1_160' title='bbox 775 2856 933 2924; x_wconf 83' lang='lat' dir='ltr'>vocantur,</span> <span class='ocrx_word' id='word_1_161' title='bbox 953 2863 1062 2906; x_wconf 88' lang='lat' dir='ltr'>eorum</span> <span class='ocrx_word' id='word_1_162' title='bbox 1079 2848 1161 2910; x_wconf 83' lang='lat' dir='ltr'>liaeo</span> <span class='ocrx_word' id='word_1_163' title='bbox 1178 2868 1242 2910; x_wconf 90' lang='lat' dir='ltr'>me-</span> 
     </span>
     <span class='ocr_line' id='line_1_23' title="bbox 153 2945 1242 3034; baseline 0.001 -23"><span class='ocrx_word' id='word_1_164' title='bbox 153 2952 217 3011; x_wconf 85' lang='lat' dir='ltr'>trici</span> <span class='ocrx_word' id='word_1_165' title='bbox 233 2969 343 3029; x_wconf 82' lang='lat' dir='ltr'>genera</span> <span class='ocrx_word' id='word_1_166' title='bbox 359 2960 546 3030; x_wconf 89' lang='lat' dir='ltr'>posuerunt:</span> <span class='ocrx_word' id='word_1_167' title='bbox 573 2945 912 3034; x_wconf 81' lang='grc' dir='ltr'><strong><em>μσνσστρσφικά,</em></strong></span> <span class='ocrx_word' id='word_1_168' title='bbox 936 2950 968 3009; x_wconf 93' lang='lat' dir='ltr'>in</span> <span class='ocrx_word' id='word_1_169' title='bbox 990 2949 1110 3029; x_wconf 86' lang='lat' dir='ltr'>quibus</span> <span class='ocrx_word' id='word_1_170' title='bbox 1136 2950 1242 3014; x_wconf 90' lang='lat' dir='ltr'>eadem</span> 
     </span>
     <span class='ocr_line' id='line_1_24' title="bbox 153 3049 1243 3133; baseline 0.002 -18"><span class='ocrx_word' id='word_1_171' title='bbox 153 3073 252 3133; x_wconf 89' lang='lat' dir='ltr'>usque</span> <span class='ocrx_word' id='word_1_172' title='bbox 268 3054 392 3132; x_wconf 92' lang='lat' dir='ltr'>stropha</span> <span class='ocrx_word' id='word_1_173' title='bbox 409 3055 538 3133; x_wconf 88' lang='lat' dir='ltr'>repetita</span> <span class='ocrx_word' id='word_1_174' title='bbox 555 3065 619 3132; x_wconf 76' lang='lat' dir='ltr'>est,</span> <span class='ocrx_word' id='word_1_175' title='bbox 638 3055 695 3114; x_wconf 88' lang='lat' dir='ltr'>hae</span> <span class='ocrx_word' id='word_1_176' title='bbox 712 3054 823 3113; x_wconf 88' lang='lat' dir='ltr'>lorma:</span> <span class='ocrx_word' id='word_1_177' title='bbox 845 3055 887 3114; x_wconf 86' lang='lat' dir='ltr'>A.</span> <span class='ocrx_word' id='word_1_178' title='bbox 907 3051 955 3112; x_wconf 90' lang='lat' dir='ltr'>A.</span> <span class='ocrx_word' id='word_1_179' title='bbox 967 3049 1022 3112; x_wconf 87' lang='lat' dir='ltr'>·A.</span> <span class='ocrx_word' id='word_1_180' title='bbox 1044 3055 1243 3117; x_wconf 66' lang='lat' dir='ltr'>[decentiores</span> 
     </span>
     <span class='ocr_line' id='line_1_25' title="bbox 152 3137 1243 3237; baseline 0.004 -20"><span class='ocrx_word' id='word_1_181' title='bbox 152 3174 313 3237; x_wconf 89' lang='lat' dir='ltr'>perperam</span> <span class='ocrx_word' id='word_1_182' title='bbox 322 3157 564 3237; x_wconf 89' lang='lat' dir='ltr'>monostrophioa</span> <span class='ocrx_word' id='word_1_183' title='bbox 573 3157 728 3236; x_wconf 88' lang='lat' dir='ltr'>appellare</span> <span class='ocrx_word' id='word_1_184' title='bbox 736 3157 844 3233; x_wconf 88' lang='lat' dir='ltr'>solent,</span> <span class='ocrx_word' id='word_1_185' title='bbox 855 3137 936 3235; x_wconf 81' lang='lat' dir='ltr'>quae</span> <span class='ocrx_word' id='word_1_186' title='bbox 944 3148 1243 3221; x_wconf 69' lang='lat' dir='ltr'>veteribusdnole-</span> 
     </span>
     <span class='ocr_line' id='line_1_26' title="bbox 153 3254 1012 3339; baseline -0.001 -19"><span class='ocrx_word' id='word_1_187' title='bbox 153 3254 274 3339; x_wconf 77' lang='grc' dir='ltr'><strong><em>λιμένα</em></strong></span> <span class='ocrx_word' id='word_1_188' title='bbox 291 3260 490 3339; x_wconf 84' lang='lat' dir='ltr'>vocabantur,</span> <span class='ocrx_word' id='word_1_189' title='bbox 510 3260 680 3339; x_wconf 88' lang='lat' dir='ltr'>dequibus</span> <span class='ocrx_word' id='word_1_190' title='bbox 697 3257 816 3321; x_wconf 86' lang='lat' dir='ltr'>dicetur</span> <span class='ocrx_word' id='word_1_191' title='bbox 832 3278 898 3337; x_wconf 89' lang='lat' dir='ltr'>cap.</span> <span class='ocrx_word' id='word_1_192' title='bbox 919 3260 1012 3320; x_wconf 86' lang='lat' dir='ltr'>XXV.</span> 
     </span>
    </p>
   </div>
   <div class='ocr_carea' id='block_1_6' title="bbox 151 3458 1243 3754">
    <p class='ocr_par' dir='ltr' id='par_1_6' title="bbox 151 3458 1243 3754">
     <span class='ocr_line' id='line_1_27' title="bbox 190 3458 1243 3550; baseline -0.004 -19"><span class='ocrx_word' id='word_1_193' title='bbox 190 3458 197 3469; x_wconf 70' lang='grc'>’</span> <span class='ocrx_word' id='word_1_194' title='bbox 237 3465 352 3547; x_wconf 73' lang='lat' dir='ltr'>§llll</span> <span class='ocrx_word' id='word_1_195' title='bbox 379 3466 496 3528; x_wconf 87' lang='lat' dir='ltr'>Deinde</span> <span class='ocrx_word' id='word_1_196' title='bbox 520 3460 724 3550; x_wconf 67' lang='lat' dir='ltr'>liupdrud,</span> <span class='ocrx_word' id='word_1_197' title='bbox 749 3467 804 3526; x_wconf 87' lang='lat' dir='ltr'>hae</span> <span class='ocrx_word' id='word_1_198' title='bbox 825 3466 938 3526; x_wconf 89' lang='lat' dir='ltr'>lorma:</span> <span class='ocrx_word' id='word_1_199' title='bbox 962 3465 1011 3526; x_wconf 88' lang='lat' dir='ltr'>A.</span> <span class='ocrx_word' id='word_1_200' title='bbox 1031 3464 1081 3528; x_wconf 89' lang='lat' dir='ltr'>A.</span> <span class='ocrx_word' id='word_1_201' title='bbox 1102 3468 1144 3530; x_wconf 91' lang='grc' dir='ltr'>Β.</span> <span class='ocrx_word' id='word_1_202' title='bbox 1166 3489 1243 3550; x_wconf 83' lang='lat' dir='ltr'>quae.</span> 
     </span>
     <span class='ocr_line' id='line_1_28' title="bbox 151 3563 1243 3656; baseline 0.005 -25"><span class='ocrx_word' id='word_1_203' title='bbox 151 3564 246 3648; x_wconf 81' lang='grc' dir='ltr'><strong><em>τριὰς</em></strong></span> <span class='ocrx_word' id='word_1_204' title='bbox 261 3563 410 3654; x_wconf 57' lang='lat' dir='ltr'>emptor}</span> <span class='ocrx_word' id='word_1_205' title='bbox 427 3580 567 3644; x_wconf 65' lang='lat' dir='ltr'>vocatum</span> <span class='ocrx_word' id='word_1_206' title='bbox 588 3571 637 3631; x_wconf 88' lang='lat' dir='ltr'>vel</span> <span class='ocrx_word' id='word_1_207' title='bbox 653 3571 724 3630; x_wconf 90' lang='lat' dir='ltr'>hao:</span> <span class='ocrx_word' id='word_1_208' title='bbox 744 3568 792 3630; x_wconf 90' lang='lat' dir='ltr'>A.</span> <span class='ocrx_word' id='word_1_209' title='bbox 811 3568 859 3632; x_wconf 90' lang='lat' dir='ltr'>A.</span> <span class='ocrx_word' id='word_1_210' title='bbox 879 3568 927 3632; x_wconf 91' lang='lat' dir='ltr'>A.</span> <span class='ocrx_word' id='word_1_211' title='bbox 947 3570 986 3630; x_wconf 89' lang='grc' dir='ltr'>Β.</span> <span class='ocrx_word' id='word_1_212' title='bbox 1007 3589 1089 3650; x_wconf 88' lang='lat' dir='ltr'>quae</span> <span class='ocrx_word' id='word_1_213' title='bbox 1105 3568 1243 3656; x_wconf 68' lang='grc' dir='ltr'><strong><em>τετράς,</em></strong></span> 
     </span>
     <span class='ocr_line' id='line_1_29' title="bbox 152 3669 1243 3754; baseline 0.007 -23"><span class='ocrx_word' id='word_1_214' title='bbox 152 3675 201 3732; x_wconf 84' lang='grc' dir='ltr'>νσΙ</span> <span class='ocrx_word' id='word_1_215' title='bbox 216 3674 287 3734; x_wconf 85' lang='lat' dir='ltr'>lrao:</span> <span class='ocrx_word' id='word_1_216' title='bbox 307 3672 354 3737; x_wconf 91' lang='lat' dir='ltr'>A.</span> <span class='ocrx_word' id='word_1_217' title='bbox 372 3671 415 3737; x_wconf 84' lang='lat' dir='ltr'>A.</span> <span class='ocrx_word' id='word_1_218' title='bbox 432 3671 479 3734; x_wconf 90' lang='lat' dir='ltr'>A.</span> <span class='ocrx_word' id='word_1_219' title='bbox 497 3672 539 3735; x_wconf 82' lang='lat' dir='ltr'>A.</span> <span class='ocrx_word' id='word_1_220' title='bbox 556 3674 595 3734; x_wconf 93' lang='lat' dir='ltr'>B.</span> <span class='ocrx_word' id='word_1_221' title='bbox 612 3692 692 3751; x_wconf 88' lang='lat' dir='ltr'>quae</span> <span class='ocrx_word' id='word_1_222' title='bbox 705 3669 845 3749; x_wconf 71' lang='grc' dir='ltr'><strong><em>πεντάς,</em></strong></span> <span class='ocrx_word' id='word_1_223' title='bbox 861 3672 1025 3754; x_wconf 84' lang='lat' dir='ltr'>exquibus</span> <span class='ocrx_word' id='word_1_224' title='bbox 1037 3677 1243 3740; x_wconf 88' lang='lat' dir='ltr'>usitatissima</span> 
     </span>
    </p>
   </div>
   <div class='ocr_carea' id='block_1_7' title="bbox 152 3771 1239 3961">
    <p class='ocr_par' dir='ltr' id='par_1_7' title="bbox 152 3771 1239 3961">
     <span class='ocr_line' id='line_1_30' title="bbox 152 3771 1239 3860; baseline 0.005 -23"><span class='ocrx_word' id='word_1_225' title='bbox 152 3786 199 3837; x_wconf 92' lang='lat' dir='ltr'>est</span> <span class='ocrx_word' id='word_1_226' title='bbox 220 3771 331 3860; x_wconf 76' lang='grc' dir='ltr'><strong><em>τριάςι</em></strong></span> <span class='ocrx_word' id='word_1_227' title='bbox 359 3798 386 3839; x_wconf 88' lang='lat' dir='ltr'>v.</span> <span class='ocrx_word' id='word_1_228' title='bbox 412 3786 534 3857; x_wconf 85' lang='lat' dir='ltr'>praeter</span> <span class='ocrx_word' id='word_1_229' title='bbox 554 3778 716 3856; x_wconf 87' lang='lat' dir='ltr'>Hephaest.</span> <span class='ocrx_word' id='word_1_230' title='bbox 744 3795 811 3856; x_wconf 78' lang='lat' dir='ltr'>pag.</span> <span class='ocrx_word' id='word_1_231' title='bbox 833 3780 872 3838; x_wconf 87' lang='grc'>68</span> <span class='ocrx_word' id='word_1_232' title='bbox 894 3776 990 3859; x_wconf 73' lang='lat' dir='ltr'>(lta).</span> <span class='ocrx_word' id='word_1_233' title='bbox 1018 3778 1114 3840; x_wconf 90' lang='lat' dir='ltr'>etiarn</span> <span class='ocrx_word' id='word_1_234' title='bbox 1139 3782 1239 3844; x_wconf 90' lang='lat' dir='ltr'>Sehol.</span> 
     </span>
     <span class='ocr_line' id='line_1_31' title="bbox 153 3879 648 3961; baseline 0 -21"><span class='ocrx_word' id='word_1_235' title='bbox 153 3881 257 3960; x_wconf 87' lang='lat' dir='ltr'>Eurip.</span> <span class='ocrx_word' id='word_1_236' title='bbox 278 3880 317 3941; x_wconf 90' lang='lat' dir='ltr'>ad</span> <span class='ocrx_word' id='word_1_237' title='bbox 332 3881 447 3943; x_wconf 85' lang='lat' dir='ltr'>Hecub.</span> <span class='ocrx_word' id='word_1_238' title='bbox 469 3882 528 3942; x_wconf 77' lang='lat'>620</span> <span class='ocrx_word' id='word_1_239' title='bbox 552 3879 648 3961; x_wconf 68' lang='lat' dir='ltr'>(etl).</span> 
     </span>
    </p>
   </div>
   <div class='ocr_carea' id='block_1_8' title="bbox 237 4077 1120 4171">
    <p class='ocr_par' dir='ltr' id='par_1_8' title="bbox 237 4077 1120 4171">
     <span class='ocr_line' id='line_1_32' title="bbox 237 4077 1120 4171; baseline -0.001 -21"><span class='ocrx_word' id='word_1_240' title='bbox 237 4083 352 4166; x_wconf 71' lang='lat'>§642</span> <span class='ocrx_word' id='word_1_241' title='bbox 380 4088 469 4149; x_wconf 93' lang='lat' dir='ltr'>Porro</span> <span class='ocrx_word' id='word_1_242' title='bbox 484 4077 720 4171; x_wconf 80' lang='grc' dir='ltr'><strong><em>μεσῳδικσί,</em></strong></span> <span class='ocrx_word' id='word_1_243' title='bbox 738 4088 795 4147; x_wconf 89' lang='lat' dir='ltr'>hae</span> <span class='ocrx_word' id='word_1_244' title='bbox 809 4086 921 4148; x_wconf 86' lang='lat' dir='ltr'>forma:</span> <span class='ocrx_word' id='word_1_245' title='bbox 941 4089 989 4149; x_wconf 93' lang='lat' dir='ltr'>A.</span> <span class='ocrx_word' id='word_1_246' title='bbox 1009 4088 1048 4148; x_wconf 91' lang='lat' dir='ltr'>B.</span> <span class='ocrx_word' id='word_1_247' title='bbox 1068 4088 1120 4149; x_wconf 90' lang='lat' dir='ltr'>A.</span> 
     </span>
    </p>
   </div>
   <div class='ocr_carea' id='block_1_9' title="bbox 0 0 1406 4912">
    <p class='ocr_par' dir='ltr' id='par_1_9' title="bbox 0 0 1406 4912">
     <span class='ocr_line' id='line_1_33' title="bbox 0 0 1406 4912; baseline 0 1"><span class='ocrx_word' id='word_1_248' title='bbox 0 0 1406 4912; x_wconf 95' lang='lat' dir='ltr'> </span> 
     </span>
    </p>
   </div>
  </div>
 </body>
</html>
