2804 4912
430 326 464 368 llll
482 326 654 368 srsrssttorls
671 326 976 369 haristnorfltcouvn.
1189 309 1251 370 249

312 470 357 539 Ἑ.
380 470 440 539 τὰν
462 471 581 563 φόνιον
603 471 693 558 ἔχετε
718 471 838 565 φλόγα,
862 471 961 560 δορός
983 499 1019 541 τε
1041 471 1170 562 λόγχαν.

369 583 409 643 Χ.
436 572 507 660 τάχ’
531 574 581 656 εἰς
603 574 706 669 φίλαν
729 584 790 667 γᾶν
812 571 969 647 πεσεῖσθ’
993 573 1169 662 ἀνώνυμοι.

262 687 290 744 5.
314 677 359 747 ‘E.
385 677 476 758 κόνις
498 677 527 747 δ’
549 676 608 747 ἴσα
631 686 751 769 καπνῷ
773 683 911 768 πτέρυγι
933 678 1019 769 πρὸς
1042 677 1167 772 αἰθέρα

368 777 484 851 όῖϊστον
507 779 606 851 οἴκων
630 784 718 870 ἐμῶν
739 811 781 868 με
804 783 912 876 θήσει.

367 893 410 953 Χ.
438 882 544 972 ὄνομα
567 887 604 955 δὲ
626 895 687 974 γᾶς
709 883 836 978 ἀφανὲς
858 880 962 955 εἶσιν·
987 881 1075 981 όύλλρι
1098 885 1127 957 d’

314 985 396 1057 όῖλλο
420 993 579 1083 φροῦδον,
604 986 674 1059 ούδ
698 986 742 1060 ἔτ’
766 989 854 1060 ἔστιν

366 1091 552 1162 ἆτόλαινα
579 1090 695 1183 Τροία.

242 1206 290 1263 λθ.
314 1195 358 1265 Ἑ.
386 1194 535 1283 ἐμάθετ’,
560 1195 710 1281 ἐκλύετε,
732 1204 773 1264 Χ.
793 1195 981 1287 Περγάμων
1002 1198 1091 1266 κλύω
1110 1198 1245 1268 κτύπον.

310 1299 354 1368 ‘E
382 1299 491 1381 ἔνοσις
512 1299 660 1385 ἅπασαν,
685 1299 793 1382 ἔνοσις
815 1299 989 1371 ἐπικλύσει
1012 1302 1122 1371 πόλιν.

367 1401 420 1488 tt,

222 1597 225 1602 Ι
314 1506 468 1636 τρομρρό,
492 1507 645 1636 τρομερὰἱ
658 1507 761 1595 μέλεα
784 1504 895 1601 φέρετ’
919 1509 952 1578 ε’-

312 1637 376 1697 μον
398 1636 497 1697 ιχνος,
522 1639 555 1680 ιτ
587 1639 645 1680 επι

241 1723 290 1783 ta.
361 1715 514 1783 δούλειον
536 1713 662 1806 ἁμέραν
684 1713 772 1802 βίου.

313 1828 355 1887 Χ.
385 1817 425 1887 λα)
447 1816 588 1887 τάλαινα
611 1821 723 1899 πόλις·
747 1810 838 1906 ὅμως
860 1819 898 1888 δὲ

313 1920 460 2015 πρόφερε
482 1921 575 1991 πόδα
599 1922 656 1991 σόν
679 1922 736 1991 ἐπὶ
760 1923 891 2003 πλάτας
913 1925 1066 2009 Ἀχαιῶν.

244 2133 361 2218 ξθθθ.
388 2139 466 2198 Rara
483 2138 622 2218 exempla
648 2146 722 2201 sunt
744 2157 805 2199 non
821 2138 1002 2200 observatae
1018 2140 1155 2219 aequalis
1171 2159 1248 2220 per-

156 2260 301 2303 sonarum
318 2239 558 2302 distributionis:
585 2239 671 2319 quod
685 2240 740 2303 uhi
756 2240 880 2320 lactum,
901 2240 1015 2304 lactum
1032 2251 1080 2304 est
1095 2244 1243 2324 consulto,

156 2343 234 2406 etin
250 2362 359 2424 magna
375 2345 574 2405 commotione
590 2363 626 2404 ac
641 2345 872 2425 perturbatione
888 2346 1070 2408 animorum.

242 2550 266 2631 δ
280 2548 358 2616 691.
386 2550 447 2612 Sed
471 2549 627 2612 interdum
642 2571 741 2633 pauca
758 2552 854 2613 verba
871 2553 939 2632 alii,
966 2573 1061 2633 quam
1077 2552 1244 2633 debebant,

156 2673 306 2736 personae
319 2654 433 2716 tributa
446 2652 599 2716 videmus.
627 2653 666 2715 ht
682 2674 721 2716 ne
737 2655 794 2716 hoe
811 2653 936 2735 quidem
950 2665 1065 2717 temere
1077 2657 1120 2735 fit,
1136 2668 1167 2718 et
1182 2659 1247 2718 sine

157 2776 277 2821 caussa.
311 2759 387 2817 Nam
404 2757 458 2820 ubi
475 2777 511 2818 ea
526 2767 573 2819 est
588 2759 783 2840 stropharum
806 2761 982 2840 systematis
997 2760 1090 2840 ratio,
1118 2769 1152 2821 ut
1167 2759 1247 2823 duae

157 2863 314 2941 contiguae
330 2862 473 2942 strophae
485 2870 608 2941 praeter
620 2880 734 2923 morem
751 2864 927 2941 systematis
939 2863 993 2925 uni
1005 2882 1155 2943 personae
1167 2884 1246 2925 con-

156 2966 268 3027 tinuari
277 2964 436 3044 deberent,
449 2964 550 3026 visum
569 2973 616 3026 est
623 2966 730 3046 poetis,
744 2986 805 3046 quo
814 2964 987 3028 distinctius
997 2964 1247 3030 discernerentur

156 3068 298 3149 strophae
314 3069 400 3148 istae,
419 3087 518 3149 pauca
534 3069 641 3148 verba,
658 3069 772 3149 quibus
789 3069 838 3132 vel
852 3070 935 3151 prior
949 3070 1074 3151 stropha
1091 3071 1241 3148 finiretur,

156 3172 204 3233 vel
213 3173 363 3253 posterior
373 3173 569 3252 inciperetur,
580 3173 630 3233 alii
638 3191 787 3254 personae
799 3173 945 3235 tribuere.
972 3174 1244 3253 Insignehuiusrei

155 3276 332 3356 exemplum
344 3284 391 3336 est
403 3277 435 3335 in
442 3275 629 3356 Choephoris
641 3295 670 3336 v.
687 3278 756 3338 lli.
784 3277 859 3338 Nam
872 3296 969 3356 quum
979 3277 1023 3338 ihi
1033 3275 1116 3357 quod
1128 3296 1244 3338 secun-

157 3379 231 3441 dum
247 3387 295 3440 est
310 3388 444 3458 systema
457 3379 663 3458 stropharum,
683 3399 722 3439 ea·
734 3388 879 3458 quattuor
894 3380 1026 3461 strophis
1044 3388 1170 3460 constet,
1188 3381 1244 3441 hoc

155 3483 260 3545 ordine
271 3483 376 3562 positis
387 3472 427 3566 η’.
443 3474 489 3543 θ’.
506 3474 552 3543 θ’.
570 3477 608 3564 η’.
625 3490 656 3543 et
668 3483 744 3560 lege,
756 3482 840 3562 quod
853 3482 892 3544 ad
904 3502 1052 3562 personas
1064 3484 1182 3562 attinet,
1195 3504 1241 3563 ea,

156 3595 189 3647 ut
201 3586 342 3666 strophas
354 3575 395 3668 η’,
407 3576 436 3668 η’
446 3584 564 3645 Electra
576 3584 696 3664 haheat,
712 3588 846 3667 strophis
858 3578 905 3665 δ’,
918 3579 954 3649 δ’
964 3595 1069 3648 autem
1079 3588 1202 3649 Orestes
1215 3597 1245 3649 ct

155 3688 273 3749 Electra
286 3687 345 3748 sibi
359 3688 579 3768 respondeant:
596 3687 674 3750 duas
684 3691 844 3751 continuas
856 3691 1000 3771 strophas
1008 3690 1150 3752 habitura
1163 3701 1246 3753 osset

154 3793 284 3870 Electra,
301 3791 506 3871 antistrophas
519 3788 587 3854 dico
599 3785 636 3854 δ’
650 3801 680 3852 et
692 3784 731 3876 ty'.
759 3792 847 3866 Quod
861 3812 957 3872 quum
971 3811 1128 3872 nusquam
1140 3795 1172 3856 in
1184 3804 1245 3856 toto

153 3896 205 3954 illo
213 3894 351 3954 Electrae
362 3904 393 3954 et
401 3895 517 3956 Orestis
530 3895 646 3956 cantico
660 3895 721 3973 liat,
738 3905 774 3957 ut
789 3879 896 3958 cadem
911 3916 1044 3977 persona
1057 3896 1136 3959 duas
1152 3896 1245 3959 dein-

152 4016 224 4077 ceps
241 3997 381 4077 strophas
397 4007 502 4076 canat,
526 3999 624 4078 prima
643 3998 797 4059 secundae
814 4000 1022 4082 antistrophae
1042 4001 1136 4061 verba
1154 4001 1246 4063 choro

152 4100 266 4162 tributa
283 4110 365 4179 sunt,
385 4109 421 4163 ut
435 4102 484 4161 hic
500 4120 610 4162 novam
626 4103 718 4182 incipi
734 4103 890 4183 stropham
907 4114 1075 4184 appareat:

168 4274 171 4280 ,
242 4205 284 4264 X.
313 4197 419 4286 λέγεις
441 4207 600 4288 πατρῷον
621 4197 734 4285 μόρον.
760 4194 811 4267 Ἠ.
840 4199 903 4290 dyo)
929 4197 958 4268 δ
983 4197 1204 4270 ἀπεστάτουν.
