2804 4912
223 41 504 228 &ridiclei
576 72 840 201 critone

153 297 213 358 198
550 315 606 357 nur.
628 315 671 357 nr.
706 315 768 356 cir.
788 315 828 356 rr.
854 310 858 314 ’

236 469 259 548 5
275 465 351 533 537.
378 470 416 530 Et
430 470 583 548 quoniam
606 469 655 530 hie
676 489 825 531 numerus
846 489 885 530 ex
901 469 1042 530 trochaeo
1057 479 1089 530 et
1103 467 1227 550 spondeo

151 575 182 634 in
198 592 296 634 unum
311 573 448 635 ordinem
466 574 636 635 coniunctis
653 573 750 634 lactus
766 582 829 652 ost,
856 590 990 652 quorum
1005 571 1181 653 spondeus,
1200 582 1231 634 nt

152 678 248 737 maior
262 697 328 757 pes,
348 696 429 738 nova
444 677 475 736 vi
491 695 595 737 arseos
611 675 808 739 adiuvandus
824 686 887 756 est,
910 686 1056 757 apparet,
1082 677 1230 738 fortiorem

150 799 218 841 csse
234 779 401 842 secundam
417 780 499 840 arsin
516 780 638 861 epitriti,
657 799 737 861 quae
752 789 914 863 propterca
929 782 1021 844 etiam
1038 781 1162 863 proprio
1176 781 1234 843 ictu

151 892 289 947 notatur:

236 1038 330 1088 ‚Cu-'-

151 1177 234 1258 quod
256 1189 360 1240 contra
381 1179 413 1237 in
433 1177 556 1258 dipodia
573 1179 721 1239 trochaica
745 1178 849 1238 [ortior
865 1186 911 1238 cst
926 1179 1026 1258 prima
1047 1180 1143 1257 arsis,
1167 1179 1234 1258 quia

149 1283 227 1343 alter
239 1301 362 1362 quoque
377 1301 433 1365 pes
448 1302 503 1362 pro
519 1283 661 1344 trochaeo
677 1291 872 1343 numeratur:

237 1432 333 1483 Lxx-Q

152 1577 356 1656 Omninoque,
384 1595 481 1656 quum
498 1577 606 1637 musici
621 1584 742 1636 veteres
757 1592 922 1636 numerum
943 1576 1102 1654 epitritum
1120 1578 1232 1656 impro-
1260 1618 1274 1629 -

151 1678 309 1759 havcrint,
336 1700 396 1740 non
421 1678 598 1740 incredibile
622 1688 685 1758 ost,
713 1697 891 1739 mensuram
915 1677 1046 1758 spondei
1061 1681 1117 1759 qui
1140 1681 1172 1741 in
1189 1679 1229 1739 his
1245 1702 1274 1747 ε

151 1783 279 1864 epitritis
295 1793 359 1863 est,
378 1784 467 1865 plura
483 1803 577 1864 qnam
593 1791 739 1862 quattuor
754 1792 891 1864 tempora
907 1781 1064 1845 habuisse.

235 2041 259 2121 ἕ
274 2039 351 2106 538.
380 2045 455 2104 llinc
466 2042 683 2123 explicandum
695 2041 829 2120 videtur,
844 2041 928 2122 quod
939 2042 1098 2123 spondeus
1110 2044 1165 2105 iste
1179 2061 1274 2103 so—

152 2146 297 2207 lutionem
320 2165 400 2225 quae
424 2148 455 2208 in
486 2147 626 2207 trochaeo
647 2147 701 2226 qui
729 2145 886 2225 praecedit
912 2147 1037 2229 saepius
1068 2147 1248 2225 invenitur,

149 2258 204 2309 aut
218 2269 278 2309 non
296 2249 439 2329 admittit,
459 2258 514 2311 aut
528 2250 700 2311 rarissime:

235 2402 382 2450 υυυυέ-

150 2545 280 2605 Vnicum
297 2542 380 2625 apud
396 2542 561 2604 Pindarum
578 2544 758 2622 exenrplum
774 2553 822 2605 est
837 2545 868 2604 in
885 2544 989 2605 lsthrn.
1010 2545 1045 2604 ll.
1065 2544 1186 2626 epodis:

235 2694 367 2779 πέμπεν
388 2689 594 2761 ἀναδεῖσθαι
615 2690 761 2760 σελίνων.

236 2792 312 2866 οὕτε
333 2795 551 2883 μελικόμπων
573 2791 704 2864 ἀοιδᾶν.
795 2877 797 2883 Ι

234 2905 340 2981 ξεῖνον
361 2900 440 2987 ἐμὸν
462 2897 589 2992 ἠθαῖον
604 2897 716 2990 thaps.

150 3063 289 3125 Dubitari
312 3072 414 3124 tamen
437 3061 477 3124 dc
492 3082 528 3123 eo
544 3071 654 3142 potest,
674 3063 747 3142 quia
762 3063 793 3122 in
811 3065 907 3143 prima
928 3064 1026 3145 epodo
1045 3066 1116 3127 libri
1133 3087 1235 3128 onmes

149 3157 331 3228 ἆκόεῖσθαι
368 3165 485 3227 hahent
517 3174 698 3247 poteratque
728 3177 816 3247 poeta
848 3168 879 3227 in
908 3169 1043 3229 secunda
1074 3160 1115 3231 οὐ
1145 3167 1237 3250 μελι-

150 3263 310 3354 φθόγγων
333 3260 472 3346 ἀοιδᾶν,
495 3269 527 3330 in
549 3270 636 3331 tertia
660 3263 739 3350 ἐμὸν
762 3266 872 3347 ξεῖνον
895 3257 961 3332 εὖτ’
985 3262 1114 3357 ἠθαῖον
1138 3266 1240 3361 ἔλθῃς

148 3372 293 3434 scribere.

235 3629 351 3713 5539.
378 3633 488 3694 Vltima
505 3635 617 3714 epitriti
634 3633 751 3713 syllaba
769 3652 830 3694 non
847 3634 935 3694 aliter
949 3653 1062 3713 anceps
1078 3645 1148 3717 est,
1173 3640 1192 3699 i.
1213 3661 1240 3703 e.

151 3736 276 3796 brevem
312 3756 368 3817 pro
402 3737 490 3817 longa
525 3737 674 3817 admittit,
712 3756 804 3816 quam
838 3718 903 3798 aus
927 3757 1054 3798 numero
1089 3740 1153 3801 alio
1189 3762 1246 3804 se-

149 3847 274 3919 quente,
294 3849 329 3901 ut
343 3839 505 3919 dactylico,
526 3840 574 3901 vel
591 3841 718 3921 Cretico,
738 3849 774 3902 ut
789 3839 873 3921 apud
888 3840 1054 3938 Pindarum
1068 3843 1176 3908 otvl.
1191 3850 1242 3910 30.

150 3944 270 4010 xliii.

234 4089 329 4180 ἀνδρὶ
349 4090 461 4176 κώμου
484 4090 633 4185 δεσπότᾳ
655 4091 800 4184 πάρεστι
821 4090 1029 4184 Συρακοσίῳ.

235 4193 319 4264 ἔνθα
342 4193 579 4285 συγκωμάξατ’·
603 4195 816 4287 ἐγγυάσομαι.
