2804 4912
351 317 389 359 BR
405 316 531 359 tantais
545 317 701 359 salutatus
716 315 918 359 tctrtnncrts.
1136 296 1178 358 49

128 469 141 528 t.
161 468 245 530 Pors.
264 479 296 530 et
314 470 347 530 in
370 471 456 532 Herc.
477 470 536 532 fur.
558 471 629 531 458.
648 479 848 550 angmentum
864 464 1005 551 quidem,
1033 466 1086 528 nbi
1105 486 1180 548 gra-

128 590 160 632 or
176 572 223 632 vis
238 573 270 633 in
285 572 383 634 verbo
398 582 463 635 est:

183 677 242 745 ἐπὶ
256 681 344 768 τῷδε
359 675 389 746 δ’
404 675 541 769 ἠγόρευε
554 677 730 771 Διομήδης
744 673 836 762 άναξ.

183 779 295 850 ἔτεκον
309 781 371 868 μὲν
385 778 482 868 ὑμᾶς,
500 780 679 868 πολεμίοις
693 778 723 851 d'
739 779 948 874 ἐθρεψάμην.

131 899 172 962 de
188 919 269 979 qnae
284 899 349 962 dixi
364 902 397 961 in
411 901 508 981 praef.
527 900 632 981 Enn'p.
653 902 723 962 Heo.
743 921 774 981 p.
795 903 846 963 56.
866 910 897 963 et
915 902 947 961 in
969 900 1066 962 Elem.
1085 899 1115 962 d.
1137 919 1177 961 nr.

147 1003 222 1064 tat.
242 1012 273 1066 et
287 1005 319 1066 in
333 1002 521 1084 praefatione
537 1003 733 1066 Baccharum.

183 1227 207 1308 ξ
230 1225 304 1292 151.
341 1224 566 1309 Angmentnm,
591 1237 626 1291 nt
644 1227 803 1290 Seidlerns
825 1227 1017 1307 observavit,
1045 1229 1183 1290 omittere

128 1331 184 1393 ait
202 1331 324 1412 tragicis
346 1332 377 1392 in
397 1331 434 1392 iis
453 1332 540 1412 focis,
567 1333 623 1411 qui
637 1331 679 1393 ad
693 1333 851 1413 epicorum
865 1334 1041 1413 exemplum
1058 1333 1184 1394 confor-

128 1434 171 1496 ati
193 1443 283 1514 sunt,
313 1434 420 1515 quales
443 1444 517 1497 sunt
539 1437 717 1497 nuntiorum
737 1436 943 1515 narrationes,
974 1455 1053 1515 qnae
1076 1428 1186 1522 ῥήσεις

128 1532 271 1623 νγολικαὶ
290 1546 456 1600 vocantur:
482 1537 567 1600 unde
587 1539 704 1620 aliquot
722 1557 832 1601 versus
853 1548 1033 1620 anapaesto,
1059 1541 1112 1619 qui
1132 1557 1184 1600 eos

128 1640 238 1722 tiabat,
258 1641 438 1704 liberantur.
466 1641 542 1704 Vide
557 1641 777 1723 praefationem
792 1641 989 1705 Baccharum.

185 1865 210 1946 ὃ
227 1863 301 1930 152.
334 1868 424 1927 Porro
439 1866 584 1929 tribrachi
600 1883 677 1929 nsus
692 1867 723 1927 in
740 1867 906 1929 recentiore
921 1863 1073 1947 tragoedia
1089 1865 1186 1929 multo

128 1971 300 2052 equentior,
316 1971 474 2051 maiorque
490 1971 613 2032 omnino
628 1971 660 2030 in
676 1971 814 2032 numeris
828 1968 1028 2052 negligentia:
1047 1979 1083 2032 nt
1093 1971 1185 2032 etiam

128 2074 308 2153 ibrachnm‚
334 2077 387 2156 qui
410 2093 465 2156 pro
489 2074 630 2136 trochaeo
651 2083 712 2154 est,
738 2091 801 2135 non
823 2073 1085 2153 quemadmodum
1102 2075 1187 2135 anti-

128 2179 223 2239 niores
237 2187 363 2259 poetae,
389 2197 451 2241 nna
472 2197 547 2240 voce
567 2187 620 2239 ant
639 2178 748 2239 saltem
771 2178 995 2259 praepositione
1018 2187 1049 2239 et
1063 2178 1186 2240 nomine

128 2280 336 2363 omprehendi,
365 2302 393 2343 v.
413 2302 439 2342 c.
459 2271 502 2343 δι’
520 2273 593 2360 ἐμέ,
616 2271 701 2367 ὑπὲρ
723 2272 823 2361 ἐμοῦ,
847 2274 905 2343 διὰ
922 2273 1045 2367 μάχης,
1069 2280 1126 2343 sed
1149 2301 1186 2341 ex

128 2382 244 2446 furibus
268 2385 489 2467 cuiuscumque
511 2385 630 2464 generis
657 2383 816 2447 vocabulis
843 2383 908 2446 fieri
934 2386 1018 2464 passi
1046 2385 1122 2446 sint:
1154 2393 1189 2445 nt

128 2489 209 2567 nrip.
229 2489 281 2550 Or.
302 2487 352 2550 27.
375 2487 424 2549 tt.
445 2490 495 2550 99.

190 2590 230 2661 οὗ
246 2596 362 2661 καλόν·
379 2593 425 2663 iot
439 2591 527 2662 τοῦτ’
544 2589 674 2685 άσαφὲς
690 2590 724 2663 ἔν
738 2601 841 2684 κοινῷ
856 2597 1004 2662 σκοπεῖν.

189 2696 235 2787 μὴ
250 2697 332 2786 πυρὶ
348 2696 520 2782 δέχεσθαι,
537 2697 617 2787 μάμε
632 2702 842 2789 νιροςφωνεῖν
856 2696 940 2766 τινά.

191 2796 260 2895 ὀψέ
274 2827 310 2889 γε
325 2804 460 2892 φρονεῖς
476 2791 523 2885 αὖ,
539 2799 614 2871 τότε
629 2795 763 2868 λιποῦά
781 2797 927 2892 αἰσχρῶς
939 2798 1073 2885 δόμους.

191 3026 308 3110 5153.
342 3006 541 3109 Satyrione
564 3032 701 3092 trimeter
721 3038 825 3092 servat
845 3031 1023 3111 gravitatem
1040 3030 1144 3110 tragici
1159 3032 1189 3091 in

128 3151 151 3215 s,
171 3151 253 3213 qnae
268 3151 417 3211 personae
432 3134 570 3195 heroicae
585 3133 770 3214 loquuntur:
789 3131 845 3194 sed
861 3134 1005 3213 quoniam
1022 3132 1078 3194 hoc
1093 3151 1189 3213 genus

128 3234 231 3299 rbulae
246 3237 427 3315 gravitatem
439 3256 509 3300 oum
526 3239 591 3299 risn
603 3237 767 3317 coniungit,
782 3236 867 3298 licuit
882 3237 974 3298 etiam
990 3246 1190 3316 anapaestum

128 3358 168 3402 on
185 3338 276 3401 modo
291 3340 321 3399 in
338 3341 437 3419 primo
452 3340 548 3421 pede,
574 3341 665 3401 etiam
682 3359 721 3402 ex
739 3339 883 3421 pluribus
900 3339 1026 3402 vocibus
1041 3348 1191 3401 constan-

128 3461 182 3521 ιῐα,
198 3441 254 3503 sed
270 3443 301 3503 in
314 3442 414 3504 medio
426 3461 549 3523 quoqne
562 3461 656 3506 versu
671 3461 867 3524 quocumque
882 3445 915 3504 in
927 3441 1078 3504 vocabulo
1093 3461 1191 3504 usur-

128 3564 198 3625 are,
228 3545 284 3607 sed
309 3546 522 3608 tantummodo
544 3548 576 3608 in
598 3547 780 3627 Satyrorum
803 3547 994 3628 aliarumque
1015 3544 1192 3608 huiusmodi

128 3667 310 3712 ersonarum
325 3651 530 3713 sermonibus.
557 3649 632 3713 Vide
647 3648 867 3732 praefationem
883 3649 1033 3731 Cyclopis.

197 3871 321 3955 5154.
359 3875 530 3937 Comicus
556 3875 694 3936 trimeter
719 3876 822 3938 minus
848 3882 952 3938 servat
976 3891 1134 3936 caesuram
1161 3873 1192 3933 in

129 3981 220 4042 uinto
234 3977 400 4060 semipede,
422 3987 623 4059 anapaestum
638 3985 753 4056 antem,
771 3987 893 4058 praeter
907 3977 1050 4039 ultimum
1066 3975 1188 4057 pedem,

130 4084 231 4163 bique
247 4081 388 4144 admittit.
415 4080 568 4163 Aristopb.
588 4080 678 4162 Vesp.
700 4081 772 4142 973.

199 4186 341 4276 κατάβα,
357 4186 499 4274 κατάβα,
514 4184 656 4275 κατάβα,
672 4183 813 4273 κατάβα,
829 4183 1071 4276 καταβήσομαι.

166 4312 285 4354 normanni
294 4312 394 4364 naitono
404 4311 474 4354 doctr.
484 4309 596 4354 mettioeo.
970 4311 988 4358 4
