2804 4912
565 306 732 348 lateranio.
1153 307 1193 348 Vll

101 476 231 540 quoque
248 457 283 522 in
304 475 420 540 genere
435 456 583 522 carminis
597 460 630 522 et
644 475 766 540 quoque
783 457 817 521 in
831 457 899 522 loco
914 456 1040 535 usitati,
1066 464 1098 522 ct
1111 457 1189 540 apti,

102 571 138 629 et
152 564 227 629 boni
242 564 363 629 numeri
379 564 452 629 sint.
477 565 515 628 In
526 584 589 647 qua
602 583 637 629 re
651 564 710 630 etsi
726 564 816 642 illud,
830 564 914 648 qnod
928 564 1022 629 modo
1034 565 1190 643 dicebam,

104 672 243 756 primum
257 690 327 736 esse
342 671 453 749 debet,
475 677 511 736 ut
531 670 601 754 quis
616 691 763 738 numeros
781 677 813 737 et
826 672 955 738 firmiter
976 672 1190 756 pronuntiare,

106 784 142 844 et
160 778 333 844 secundum
348 778 474 844 ordines
491 797 644 862 quemque
659 797 733 844 suos
754 779 903 857 recitare,
928 785 960 845 et
974 798 1101 845 sensum
1116 800 1193 847 voce

105 892 192 951 recte
207 887 381 970 exprimere
395 886 492 951 sciat:
515 892 621 951 tamen
636 885 679 950 ad
693 885 753 951 hoc
767 886 832 952 alia
847 887 942 952 etiam
957 887 1088 953 accedat
1102 906 1194 952 exer-

105 993 216 1058 citatio
230 999 371 1078 oportet,
387 1013 468 1077 quae
481 994 515 1058 in
529 1011 567 1058 eo
582 999 723 1058 versatur
738 1000 773 1058 ut
787 994 857 1077 quis
872 995 970 1060 multa
986 995 1194 1077 diuturnaque

104 1100 257 1180 lectione,
282 1099 358 1185 quid
376 1101 538 1185 proprium
552 1101 702 1184 cuiusque
717 1103 768 1167 vel
782 1103 873 1180 aevi,
897 1103 949 1167 vel
964 1101 1121 1167 scribendi
1136 1121 1193 1183 ge-

105 1207 213 1285 neris,
237 1209 288 1273 vel
302 1213 432 1293 poetae,
456 1209 508 1274 vel
522 1208 670 1274 carminis
686 1209 786 1275 locive
808 1209 864 1286 sit,
889 1208 1063 1275 diiudicare
1078 1209 1190 1273 discat.

106 1314 203 1392 Quod
217 1315 269 1399 qui
285 1315 433 1399 consequi
448 1317 574 1395 volunt,
597 1316 631 1381 id
645 1316 790 1400 inprimis
806 1336 916 1383 curare
931 1316 1061 1394 debent,
1082 1321 1194 1381 utnon

106 1424 224 1490 multos
239 1423 344 1502 simul,
359 1423 416 1488 sed
429 1443 526 1488 unum
541 1423 747 1507 eumdemque
762 1430 887 1508 poetam
904 1444 1026 1508 quoque
1041 1428 1192 1515 tempore,

105 1549 242 1614 eumque
263 1532 382 1608 solum,
408 1531 573 1596 etiterum
594 1537 689 1615 atque
710 1531 840 1610 iterum,
869 1551 970 1615 neque
985 1532 1118 1597 obscura
1138 1531 1195 1597 illa

104 1657 180 1703 cum
195 1637 377 1721 diligentia,
401 1657 483 1721 quae
502 1638 645 1722 singulas
663 1639 802 1724 syllabas
818 1645 912 1721 atque
927 1639 1034 1722 apices
1049 1638 1192 1716 limatur,

105 1743 177 1822 sed,
195 1763 256 1828 quo
270 1745 333 1810 line
348 1745 540 1842 scripserunt
554 1751 677 1830 poetae,
698 1745 914 1811 oblectationis
929 1764 1054 1823 caussa,
1072 1747 1190 1828 legant.

103 1852 192 1917 Nam
213 1852 272 1918 etsi
292 1873 352 1936 ego
374 1872 436 1918 non
459 1853 487 1918 is
509 1871 597 1932 sum,
629 1853 683 1936 qni
706 1874 726 1918 a
752 1853 904 1936 diligente
927 1858 1022 1935 atque
1046 1857 1195 1930 accurata

104 1964 247 2024 vetemm
262 1960 448 2044 scriptorum
470 1960 603 2026 lectione
625 1959 785 2026 dehortari
804 1979 992 2043 quemquam
1015 1966 1070 2024 aut
1090 1958 1194 2024 deter-

104 2085 176 2131 rere
189 2067 301 2145 velim,
325 2088 419 2151 quam
440 2067 633 2132 laudandam
648 2067 752 2151 potius
767 2087 806 2132 ac
820 2067 1021 2133 vehementer
1036 2087 1194 2133 commen-

104 2164 247 2240 dandam
275 2174 425 2242 arbitror:
462 2182 568 2241 tamen
596 2175 643 2240 ita
672 2175 791 2254 sentio,
823 2175 876 2258 qui
906 2181 989 2241 recte
1018 2176 1195 2257 intelligere
1293 2171 1296 2177 ’

104 2282 275 2365 scriptores
296 2281 442 2365 antiquos
464 2282 556 2361 velit,
581 2301 653 2349 eum
674 2281 735 2348 hoc
756 2302 810 2348 eos
833 2283 895 2348 line
910 2283 1052 2349 lectitare
1067 2282 1192 2359 debere,

105 2409 170 2472 quo
192 2388 252 2472 ipsi
273 2395 307 2453 ut
328 2390 520 2473 legerentur,
545 2389 798 2474 conscripsemnt
816 2390 875 2456 hos
890 2391 997 2456 libros.
1028 2388 1120 2466 Quod
1135 2389 1195 2455 etsi

104 2514 179 2574 nos,
205 2496 258 2578 qui
273 2504 305 2562 et
319 2496 468 2580 temporis
483 2502 571 2562 tanto
585 2496 752 2563 intervallo
767 2498 808 2562 ab
822 2496 862 2562 iis
877 2497 1004 2563 discreti
1020 2515 1139 2573 sumus,
1164 2501 1195 2561 et

104 2608 255 2687 corrupta
269 2604 412 2688 plurimis
426 2604 459 2669 in
473 2603 552 2670 locis
567 2604 684 2687 scripta
698 2623 806 2670 eorum
822 2604 986 2683 habemus,
1003 2624 1066 2670 non
1081 2622 1195 2688 possu-

104 2729 178 2776 mus
193 2706 301 2791 aliter',
326 2731 420 2794 quam
441 2731 557 2795 magno
577 2711 783 2794 diligentique
805 2711 909 2777 studio
923 2711 1064 2789 efficere3
1089 2717 1195 2775 tamen

103 2819 154 2884 ita
178 2816 328 2884 debemus
353 2824 533 2884 accuratam
557 2819 646 2884 illam
670 2819 835 2885 lectionem
862 2840 882 2883 a
912 2818 1068 2894 cursoria,
1101 2839 1195 2900 quam

104 2931 238 3004 vocant,
261 2925 458 3008 disiungere,
481 2931 516 2991 ut
537 2925 677 2992 cursoria
691 2926 747 2992 illa
762 2934 793 2992 et
807 2924 1038 3009 incipiendum,
1063 2923 1142 2990 etin
1157 2943 1195 2990 ea

103 3031 280 3097 finiendum
301 3051 372 3098 esse
390 3032 634 3099 meminerimus.
667 3033 751 3098 Nam
773 3032 985 3116 incipiendum
1008 3032 1049 3096 ab
1072 3051 1110 3096 ea
1133 3037 1192 3109 est,

103 3144 143 3204 ut
157 3145 293 3203 mentem
308 3139 395 3223 prius
410 3139 634 3223 ingeniumque
648 3140 808 3230 scriptoris
830 3157 1076 3222 cognoscamus,
1099 3158 1195 3221 quam

103 3245 150 3311 de
169 3245 302 3328 singulis
318 3246 385 3312 eius
400 3247 478 3314 locis
493 3246 625 3313 dictisve
644 3247 836 3324 iudicemus,
861 3254 893 3312 et
907 3245 1079 3311 finiendum
1093 3246 1127 3310 in
1143 3264 1192 3322 ea,

103 3353 184 3437 quia
198 3354 375 3438 operosiore
397 3353 452 3419 illa
472 3359 504 3419 et
518 3354 710 3421 accuratiore
729 3353 862 3420 lectione
885 3353 944 3418 hoc
964 3354 1068 3437 ipsum
1083 3371 1195 3418 consc-

103 3460 163 3544 qui
179 3459 351 3539 studemus,
374 3467 408 3525 ut
423 3460 492 3525 sine
506 3459 691 3526 difficultate
705 3463 811 3545 legere
826 3461 1009 3544 scriptorem
1024 3460 1192 3544 possimus.

103 3568 245 3632 Vbinam
266 3573 372 3634 autem
391 3567 450 3632 hoc
470 3566 590 3650 magis,
615 3588 709 3651 quam
729 3569 763 3633 in
778 3566 896 3653 poetis,
921 3566 1025 3632 facere
1040 3573 1193 3650 oporteat,

104 3674 162 3758 qui
178 3694 242 3739 non
256 3681 291 3739 ut
305 3694 422 3758 magno
435 3693 507 3740 cum
521 3674 629 3740 labore
643 3671 762 3756 scripta
776 3691 834 3739 sua
848 3674 1114 3757 pervestigamus,
1139 3674 1196 3739 sed

105 3781 358 3860 utoblectemm,
376 3781 560 3865 animosque
574 3785 697 3846 nostros
713 3781 901 3846 commoveri
917 3781 1099 3860 sentiamus,
1125 3801 1195 3846 car-

104 3888 198 3954 mina
211 3887 268 3954 illa
283 3888 506 3956 condiderunt?
530 3887 727 3971 Omninoque
741 3887 769 3952 si
784 3889 855 3971 quis
870 3896 1010 3971 quaerat,
1025 3909 1079 3954 cur
1090 3889 1192 3966 multi,

102 3998 195 4079 iique
209 3995 382 4062 doctissimi
397 3996 540 4062 homines
554 3997 606 4063 vel
624 3994 750 4075 fuerint,
775 3997 826 4061 vel
841 3995 1012 4062 etiamnum
1028 3995 1102 4073 sint,
1127 3994 1192 4078 qui,

102 4105 134 4175 si
150 4121 261 4171 verum
281 4103 374 4172 fateri
388 4102 540 4184 velimus,
563 4104 683 4170 nullum
698 4123 847 4186 umquam
860 4108 998 4169 veterem
1013 4101 1196 4188 scriptorem
