2804 4912
400 319 437 360 mr
451 318 584 360 maritvs
601 318 711 361 loulcls
728 319 744 359 A
760 316 874 358 unioni.

84 474 126 534 ln
144 471 297 534 trochaeis
311 479 416 533 autem
429 490 487 552 pro
501 472 601 532 lonico
614 471 722 550 positis
738 470 810 531 has:

197 582 221 629 .'
236 582 312 630 vLu
344 581 444 629 LvLu
491 581 515 628 .'
529 581 605 638 ψ-ὐ
639 577 688 628 LO

182 685 310 734 «νου-’κν
477 685 605 734 «ΛΝ-’.υ

197 788 222 835 .'
242 788 323 836 -.ὐ
353 787 458 836 .’....ὐ
491 788 614 836 .’-.’.υ

182 892 312 940 «νυ-ὐ
352 891 458 940 LoL-
491 891 615 940 Lxx-'-

183 995 312 1042 &vv-'-

87 1107 354 1188 Observandum,
386 1128 546 1171 caesuram
569 1128 637 1170 esse
659 1110 691 1169 in
714 1109 775 1170 line
795 1108 949 1171 secundae
972 1108 1072 1189 sedis,
1102 1128 1182 1189 quae

87 1220 201 1272 tamen
227 1213 407 1292 saepissime
432 1214 604 1293 negligitur.
649 1214 756 1292 anue
783 1213 873 1274 sedes
900 1215 990 1274 etiam
1018 1214 1181 1275 Molossum

87 1315 162 1377 sola
183 1314 294 1395 habet,
324 1324 355 1376 et
377 1317 541 1395 ancipitem
564 1317 596 1376 in
621 1317 681 1377 line
704 1317 795 1377 lonici
818 1318 1013 1397 saepissime,
1044 1336 1123 1396 quae
1150 1319 1181 1377 in

86 1418 197 1497 prima
212 1419 363 1498 tertiaque
378 1419 453 1481 sede
468 1418 559 1482 valde
575 1437 644 1481 rara
659 1428 716 1481 est.

183 1621 299 1704 §flii
326 1626 528 1689 Vsitatissima
544 1626 640 1687 forma
656 1645 766 1689 versus
782 1627 858 1688 haec
872 1636 936 1688 est:

183 1726 285 1811 αὐτὸς
305 1731 368 1821 γὰρ
391 1731 454 1800 έών
475 1734 678 1823 παντοηενὴς
700 1729 719 1801 ὃ
741 1731 853 1800 πάντα
874 1737 1001 1822 γεννῶν.

86 1849 207 1911 Rarius
223 1868 329 1911 omnes
344 1850 441 1930 pedes
456 1860 510 1912 aut
525 1851 616 1912 lonici
632 1860 715 1931 sunt,
735 1859 771 1912 ut

86 2081 152 2136 aut
165 2073 309 2155 trochaei,
330 2083 367 2136 ut

183 2176 230 2258 ὥς
250 2178 353 2270 πένης
373 2182 485 2249 θέλων
506 2178 590 2265 agero
611 2180 670 2248 καὶ
690 2178 854 2260 πλούσιος
874 2179 978 2248 πλέον
1000 2184 1098 2265 σχεῖν.

87 2297 291 2358 Solutionum
306 2299 484 2378 exemplum
499 2299 557 2359 hoc
572 2300 626 2360 sit:

184 2399 254 2471 ἔνθ’
278 2401 312 2470 οὶ
332 2403 393 2488 μέν
416 2401 469 2473 ἐπ’
492 2399 629 2492 ἄκραισι
650 2407 775 2494 πυραῖς
795 2404 906 2485 νέκυες
928 2401 1063 2473 ἔκειντο.

182 2511 242 2596 γῆς
262 2505 321 2574 ἐπὶ
343 2506 444 2598 ξένης,
468 2503 600 2599 ὀρφανὰ
622 2505 734 2591 τείχεα
755 2506 981 2595 προλιπόντες

179 2604 340 2688 Ἑλλάδος
361 2607 463 2701 ἱερῆς,
486 2610 545 2678 καὶ
561 2609 668 2696 ’μοχόν
690 2607 802 2701 ἑστίης
823 2609 992 2701 πατρῴης,

183 2709 266 2802 ἥβην
287 2707 315 2779 τ’
339 2711 467 2804 έρατην,
490 2720 546 2781 καὶ
567 2713 669 2782 καλὸν
690 2711 787 2805 ἡλίου
810 2711 1000 2801 πρόςωπον.

88 2840 181 2912 Quos
196 2856 307 2900 versus
322 2841 376 2918 qui
392 2841 538 2920 afferunt,
562 2841 727 2920 Dionysius
742 2838 781 2900 de
797 2858 930 2919 compos.
950 2837 1037 2898 verb.
1056 2857 1083 2899 c.
1105 2842 1133 2900 l.
1152 2848 1184 2899 et

90 2943 302 3021 Hermogenes
327 2962 359 3023 p.
380 2942 430 3004 76.
463 2943 524 3025 (9⁴.
542 2963 607 3024 seq.
627 2944 676 3005 ed.
696 2941 778 3023 ald.)
803 2961 866 3003 non
887 2942 967 3002 bene
989 2950 1181 3021 perspectam

90 3063 129 3107 se
147 3044 240 3106 huius
255 3047 345 3106 metri
360 3056 503 3108 naturam
518 3047 664 3108 habuisse
680 3044 825 3124 produnt.

183 3247 307 3330 §422
347 3253 396 3313 Ex
422 3253 536 3315 Latinis
562 3253 715 3333 elegantes
742 3253 859 3314 lonicos
885 3251 956 3313 fecit
982 3253 1183 3314 Terentianus

91 3357 233 3419 Maurus.
267 3355 347 3418 Vsus
367 3357 415 3418 his
430 3365 478 3418 est
492 3358 583 3417 etiam
599 3357 741 3437 Plautus,
768 3365 919 3436 quantum
935 3354 1060 3434 quidem
1077 3357 1185 3416 coniici

90 3465 221 3540 potestp
240 3465 352 3538 atque,
376 3469 412 3520 ut
425 3459 563 3538 videtur,
582 3478 644 3520 non
659 3459 750 3521 modo
767 3458 911 3538 Sotadeo,
938 3457 994 3520 sed
1009 3460 1101 3518 etiam
1118 3460 1208 3521 aliis'

92 3561 305 3624 brevioribus.
348 3561 496 3624 Sotadeos
522 3561 615 3623 habet
639 3564 672 3623 in
697 3561 768 3623 Aul.
787 3563 822 3622 ll.
845 3565 873 3641 l,
894 3564 943 3622 30.
968 3579 1055 3641 seqq.
1081 3563 1130 3622 lll.
1151 3562 1180 3623 λ.

90 3663 210 3744 Amph.
230 3666 251 3725 l.
274 3668 302 3744 l,
325 3667 374 3726 ll.
394 3683 481 3745 seqq.
508 3667 568 3725 Hos
583 3667 718 3746 exempli
734 3684 842 3726 caussa
858 3665 1023 3743 adscripsi:

183 3778 340 3857 noctesque
355 3777 475 3858 diesque
491 3777 613 3838 desiduo
627 3778 704 3838 solla
718 3780 868 3858 superque
883 3786 935 3851 est,
1166 3786 1179 3817 ⁶

186 3882 243 3960 quo
257 3877 338 3958 fricto
355 3889 408 3942 aut
422 3880 499 3942 dicto
516 3879 600 3942 adest
613 3878 697 3960 opole,
717 3882 833 3962 quietus
847 3882 887 3940 πο
901 3880 952 3940 sis.

184 3984 248 4064 ipsc
265 3980 401 4045 domiuus
418 3983 501 4046 dives
517 3984 614 4062 operis
630 3986 657 4044 et
673 3983 785 4044 loboris
800 3984 920 4060 copore,

186 4084 389 4167 quodcumque
404 4087 517 4147 homini
531 4085 643 4148 occidit
658 4083 759 4163 libere,
780 4087 865 4164 pesse
879 4087 976 4146 retur.

186 4191 312 4271 aequom
328 4192 391 4251 esse
401 4192 502 4270 putot,
520 4191 579 4250 πονε
594 4191 725 4269 reputet,
745 4188 858 4251 laberis
873 4189 947 4269 quid
960 4189 1010 4251 ait.

146 4304 268 4347 normanni
277 4305 380 4356 Epitome
393 4304 462 4347 doctr.
473 4305 586 4347 metricae.
947 4307 978 4357 10
