2804 4912
544 102 579 142 nr
595 100 683 142 rrnsv
700 100 835 143 nanctae.
1188 86 1247 147 103

150 268 281 336 semper
294 261 488 334 usurpatam,
510 251 639 332 sedita,
659 262 694 315 ut
709 254 802 315 simul
818 270 879 317 una
896 253 935 315 dc
951 253 1075 318 duabus
1089 256 1245 337 prioribus

121 400 124 405 -
150 356 374 432 adhibcmtur3
401 372 494 436 saepe
509 365 612 419 autem
628 357 720 418 ctiam
735 374 753 417 a
768 359 877 420 ceteris
892 358 1008 437 poetis,
1037 357 1091 420 ubi
1105 368 1177 440 apta
1194 362 1247 421 vi-

118 518 121 525 .
151 460 299 540 deretur,
332 458 508 522 admissam.
549 461 744 540 Omninoque
767 461 913 522 virtutem
935 461 1079 541 longioris
1102 465 1247 527 carminis

152 562 353 626 invariatatc
367 582 565 626 caesurarum
580 572 652 642 apte
668 572 836 645 temperata
851 565 945 644 cerni,
969 581 1126 646 saepeque
1141 567 1247 648 plures

153 683 213 727 uno
247 668 279 729 in
300 686 394 730 versu
414 668 490 730 lieri.
528 669 668 740 Quarum
690 682 763 747 eae,
789 669 923 748 quaein
945 669 1006 729 arsi
1027 669 1123 749 flunt,
1150 673 1248 752 magis

155 770 313 834 masculae
335 780 427 833 sunt:
454 789 570 851 meque
589 771 620 831 in
642 771 842 849 universum,
870 771 931 832 nisi
952 771 1008 833 ubi
1036 773 1127 835 molle
1149 792 1248 855 argu-

158 882 297 936 uentum
320 873 473 952 obstaret,
503 874 536 935 in
557 875 642 954 poesi
664 874 779 937 Graeca
800 890 901 954 usqne
924 873 964 934 ad
985 876 1128 938 Nonnum
1150 895 1247 955 prae-

160 968 236 1035 latas
257 976 417 1040 videmus:
451 976 568 1056 Nonno,
598 987 631 1040 et
655 979 710 1059 qui
737 976 883 1058 deinceps
905 979 1002 1040 secuti
1024 987 1098 1040 sunt
1124 991 1242 1060 poetae,

162 1075 312 1142 molliores
327 1081 418 1158 istae,
446 1097 526 1159 quae
548 1081 580 1141 in
596 1081 736 1143 trochaeo
752 1081 847 1159 fiunt,
875 1079 982 1143 ultima
998 1079 1112 1164 dactyli
1127 1083 1246 1163 syllaba

167 1185 303 1259 sequena·
318 1184 458 1262 membro
473 1183 594 1264 relicta,
613 1186 711 1265 magis
726 1183 880 1265 placuere,
899 1185 1078 1248 coniunctae
1093 1203 1166 1249 oum
1180 1187 1249 1249 irc-

169 1289 266 1357 nenti
281 1306 342 1370 usu
357 1285 565 1366 dactylorum,
589 1286 674 1349 unde
694 1306 803 1368 magna
825 1289 963 1350 nascitur
983 1291 1105 1350 numeri
1120 1289 1249 1354 volubi-

172 1378 241 1452 iiius.
287 1392 407 1454 Dictum
429 1409 465 1451 ea
488 1389 527 1451 de
550 1391 637 1452 rein
660 1388 735 1453 diss.
762 1389 801 1453 de
823 1399 921 1453 aetate
944 1392 1059 1473 Orphei
1081 1391 1248 1474 Argonau-

131 1524 138 1579 .'
177 1485 297 1556 litorum.
345 1495 496 1574 Deinceps
519 1494 570 1555 alii
593 1496 765 1557 accuratius
795 1496 1007 1557 severissimas
1030 1495 1130 1558 Nonni
1158 1499 1247 1561 cius-

177 1606 224 1673 yuo
243 1606 427 1660 sectatorum
457 1597 539 1679 leges
571 1598 712 1659 metricas
742 1605 949 1677 aperuerunt:
990 1598 1185 1663 Werniclrius
1215 1604 1246 1664 in

115 1744 129 1785 .·
175 1694 408 1763 adnotationibus
430 1699 471 1763 ad
493 1698 757 1782 Tryphiodorum,
783 1700 817 1762 G.
838 1698 932 1762 Lehrs
956 1701 987 1762 in
1007 1702 1247 1776 Quaestionibus

102 1808 105 1825 ¹
172 1804 269 1883 ends,
288 1805 342 1885 qui
358 1805 449 1867 etiam
466 1803 506 1865 dc
520 1804 731 1885 Oppianorum
747 1802 936 1867 carminibus
952 1803 1130 1886 disputavit,
1151 1810 1247 1873 Stru-

170 1906 229 1971 tins
249 1909 282 1969 in
305 1906 518 1970 dissertatione
541 1907 580 1969 dc
601 1909 686 1970 exitu
707 1925 854 1969 versuum
878 1909 910 1968 in
932 1909 1030 1970 Nonni
1056 1912 1245 1976 carminibus

168 2006 238 2075 oda
253 2011 426 2092 Regimcnti
441 2029 469 2072 a.
492 2010 585 2072 ⁴834.
616 2006 660 2072 dc
674 2008 773 2072 Nonni
796 2011 923 2091 quidem
948 2010 997 2073 illa
1015 2030 1113 2093 quum
1135 2016 1166 2076 in
1181 2018 1248 2081 aliis

162 2112 252 2177 rubos
268 2117 427 2195 severitas,
450 2122 516 2175 tum
532 2116 563 2175 in
579 2133 632 2192 eo,
651 2112 735 2194 quod
749 2134 811 2176 non
826 2113 905 2177 duos
920 2117 1081 2180 continuos
1096 2118 1249 2200 spondeos

157 2217 279 2301 posuit,
298 2234 444 2279 numeros
467 2216 566 2279 effecit
581 2216 714 2278 maxima
726 2216 916 2282 volubilitate
933 2228 964 2282 et
978 2218 1131 2285 celeritate
1143 2223 1249 2287 ilncn-

156 2330 220 2401 tcs,
246 2339 284 2381 eo
306 2322 374 2402 ipso
396 2328 500 2382 autem
523 2329 585 2382 tam
607 2320 688 2382 inter
708 2338 742 2382 sc
765 2320 897 2402 similes,
925 2331 961 2385 ut
982 2324 1160 2387 recitantem
1186 2347 1248 2391 non

155 2425 325 2488 consistere
340 2426 460 2502 sinant,
486 2423 544 2486 sed
566 2425 688 2505 rapiant
708 2443 813 2486 secum
829 2434 923 2505 atquc
938 2426 1095 2507 auferant,
1120 2441 1249 2510 percat-

102 2580 104 2587 .
155 2547 219 2610 que
234 2526 287 2589 illa
297 2528 453 2608 praeclara
467 2544 665 2590 numerorum
681 2531 824 2608 varietas,
840 2546 935 2609 quam
950 2531 981 2591 in
994 2532 1160 2594 Homericis
1175 2553 1249 2596 car-

153 2631 295 2695 minibus
310 2629 510 2693 admiramur.
530 2639 534 2647 '

244 2732 345 2796 Etiam
375 2730 574 2795 Alexandrini
610 2744 719 2815 poetae
750 2736 896 2814 singulari
926 2735 1061 2816 quadam
1092 2737 1246 2819 diligentia

156 2855 304 2902 numeros
334 2838 445 2899 heroici
475 2854 584 2899 versus
614 2837 830 2901 elaborarunt:
863 2856 996 2918 quomm
1027 2837 1067 2902 de
1089 2836 1248 2921 Apollonio

159 2941 277 3006 lihodio
301 2942 448 3004 disseruit
470 2944 504 3003 ll.
525 2942 653 3022 hlerkel,
683 2943 771 3004 cuius
798 2942 972 3005 dissertatio
994 2942 1051 3004 hoc
1079 2947 1147 3026 ipso
1168 2966 1248 3011 anno

158 3047 360 3129 diag'deburgi
387 3045 468 3107 edita
489 3047 635 3126 inscripta
659 3054 706 3107 est
728 3066 771 3108 su
790 3045 968 3129 Apollonius
991 3047 1130 3112 Rhodius.
1169 3053 1250 3115 Sunt

156 3162 264 3215 tamen
279 3152 310 3211 in
326 3151 382 3210 hoc
396 3168 506 3229 genere
521 3149 687 3226 nonnulla,
711 3168 791 3230 quae
812 3170 874 3211 non
896 3159 960 3211 tam
980 3150 1151 3214 secundum
1167 3166 1248 3218 certa

156 3262 332 3335 praecepta,
348 3270 441 3334 qnam
458 3268 553 3315 sensu
565 3250 700 3332 quodam
711 3251 858 3315 admoniti
873 3252 981 3315 iecisse
992 3263 1100 3344 poetae
1112 3254 1247 3321 videan-

157 3368 220 3422 tur.
247 3356 350 3431 Quarc
361 3354 451 3419 modo
463 3353 655 3418 admiserunt
669 3352 797 3436 aliquid,
813 3354 903 3418 modo
915 3354 1128 3439 repudiarunt,
1144 3364 1246 3442 prouti

156 3470 268 3542 aptum
283 3468 413 3523 autnon
427 3468 535 3540 aptum
550 3457 719 3522 videretur.
752 3459 843 3534 Quod
858 3479 914 3524 cur
928 3461 969 3522 ita
984 3461 1087 3524 visum
1103 3464 1161 3545 sit„
1171 3482 1250 3547 pro-

155 3566 225 3647 pria
242 3566 392 3644 cuiusque
408 3563 464 3625 loci
479 3564 596 3626 ratione
611 3562 833 3626 consideranda
848 3563 1018 3646 apparebit.

246 3669 289 3729 De
310 3668 425 3742 Quinto
446 3670 616 3750 Smyrnaeo
640 3666 721 3750 dicet
741 3668 772 3728 in
795 3669 1088 3733 Posthomcricorum
1118 3670 1249 3735 editione
1277 3670 1280 3675 ’

154 3772 245 3838 Arm.
264 3772 407 3854 Koechly.
