2804 4912
161 298 202 359 24
583 316 639 357 um.
659 316 680 356 r.
705 315 768 357 cir.
787 314 815 356 x.

159 466 260 549 Atque
280 471 312 530 in
335 460 433 531 soluta
454 471 515 530 arsi
530 469 629 549 prima
644 467 830 545 dochmiaci,
855 474 886 527 ct
908 465 1034 545 quidem
1054 467 1087 527 in
1110 474 1273 546 utraqu·

159 574 226 633 eius
242 573 379 654 syllaba:
404 572 534 635 fortasse
549 573 640 634 etiam
659 572 690 632 in
706 571 813 632 ultima
829 569 968 632 eiusdem
984 588 1092 632 versus
1108 571 1180 631 arsi.

243 829 267 911 ξ
282 826 336 894 83.
363 830 396 891 ln
412 831 508 891 veteri
520 829 705 890 Graecorum
719 828 805 911 poesi
819 828 903 908 epica
917 826 1072 908 legitimus
1087 837 1135 890 est
1148 829 1273 915 ctian

157 935 183 995 is
198 934 311 1011 hiatus,
331 933 385 1012 qui
401 933 436 994 fit
449 932 481 992 in
497 932 585 1012 longa
601 931 719 1013 syllaba
734 932 817 992 arsin
831 930 974 1010 habente,
994 940 1029 992 ut

137 1045 140 1050 ’
242 1041 264 1135 ἢ
277 1044 338 1131 μὲν
354 1044 402 1115 ἐνὶ
417 1045 586 1135 πτολέμῳ,
602 1041 654 1136 ἠδ’
670 1040 797 1134 ἀλλοίῳ
815 1043 873 1112 ἐπὶ
889 1042 982 1134 ἔργῳ.

157 1174 352 1253 Omninoque
373 1174 449 1234 haec
471 1174 572 1253 poesis
594 1174 686 1234 etiam
707 1172 812 1234 multis
833 1171 900 1233 aliis
924 1170 1022 1233 modis
1043 1172 1162 1234 hiatum
1177 1172 1273 1234 ad·-

157 1277 252 1354 misit,
278 1275 318 1337 de
333 1276 448 1356 quibus
463 1277 650 1357 explicatum
665 1277 696 1337 in
714 1275 928 1338 dissertatione
950 1273 988 1335 de
1011 1283 1110 1336 aetate
1126 1273 1273 1356 Orphei

157 1376 439 1458 Argonauticorum.
469 1381 516 1440 Ex
532 1380 579 1441 his
595 1379 801 1440 memorabilis
816 1387 865 1440 est
878 1378 979 1439 hiatus
994 1379 1026 1437 in
1043 1378 1130 1459 longa
1147 1380 1259 1457 thesi,

156 1483 261 1561 quarti·
273 1481 362 1562 pedis
377 1492 501 1563 propter
519 1484 688 1564 graviorem
705 1481 746 1543 ibi
761 1501 920 1544 caesuram
935 1481 1095 1562 proprius:

670 1595 770 1665 πόλιν
784 1595 841 1664 καὶ
856 1589 944 1687 ἤθεα
959 1597 1059 1663 λαῶν.

240 1840 333 1923 584.
367 1844 466 1924 Lyrici
489 1845 520 1905 in
544 1843 703 1923 dactylicis
725 1844 862 1905 numeris
884 1852 1059 1923 sequuntur
1076 1840 1236 1923 'epicorum

155 1947 344 2026 exemplum,
358 1947 415 2009 sed
430 1946 578 2008 modeste.
605 1949 639 2008 ln
651 1946 812 2008 ordinibus
825 1946 958 2009 duarum
973 1947 1163 2025 syllabarum
1175 1964 1233 2007 nou

154 2050 213 2108 nisi
236 2051 267 2110 in
289 2050 377 2129 longa
400 2051 478 2129 arsi,
505 2059 571 2111 tum
594 2050 686 2110 ctiam
708 2051 739 2109 in
763 2049 851 2130 longa
867 2050 960 2128 thesi,
986 2069 1047 2130 qua
1063 2050 1230 2112 membrum

128 2234 132 2242 ,
155 2151 270 2229 finitur,
290 2152 407 2214 hiatum
422 2152 482 2213 sibi
497 2152 673 2233 indulgent:
693 2161 729 2214 ut
742 2152 910 2215 Pindarus:

504 2262 546 2289 Ἃ)

239 2260 261 2354 ἢ
275 2262 486 2355 Καστορείῳ,
502 2294 521 2356 η
544 2266 643 2333 Ιολά-

240 2391 278 2434 ου
295 2362 475 2457 ἐναρμόξαι
488 2395 546 2454 μιν
560 2368 661 2459 ὕμνῳ.

239 2615 262 2696 ξ
283 2612 337 2678 85.
376 2617 502 2677 Romani
528 2626 654 2696 poetae,
683 2635 815 2696 quorum
838 2618 940 2698 lingua
968 2636 1028 2676 non
1049 2618 1136 2679 novit
1157 2636 1230 2698 apo-

153 2719 323 2798 strophum,
349 2719 466 2779 biatum
483 2719 546 2781 fere
561 2721 591 2782 in
607 2720 680 2782 solis
697 2721 792 2800 longis
808 2720 935 2800 syllabis
949 2719 1091 2798 probant,
1116 2729 1148 2780 et
1161 2720 1229 2800 qui-

153 2822 224 2882 dem
249 2820 398 2901 producta
425 2822 542 2899 syllaba
569 2823 672 2884 hiante
698 2832 817 2884 tantum
844 2824 875 2883 in
900 2822 1058 2903 dactylicis
1084 2823 1226 2899 numeris,

152 2924 247 3004 idque
269 2927 458 3004 necessario,
489 2925 543 2987 ubi
568 2935 717 3006 sequente
743 2926 830 2989 brevi
855 2926 974 3006 syllaba
997 2927 1148 3007 synizesis
1170 2923 1229 2987 fieri

153 3029 275 3106 nequit:
295 3038 331 3088 ut
1113 3040 1120 3052 ’

238 3145 383 3227 Amphion
398 3149 546 3212 Dircaeus
562 3151 594 3211 iri
611 3149 717 3212 Actaeo
733 3146 913 3232 Aracyntho,

239 3241 375 3312 lomentis
390 3253 558 3332 yemituque
574 3260 601 3314 et
615 3252 740 3332 femineo
755 3254 895 3325 vicisim

154 3379 185 3430 ot
200 3369 283 3450 apud
298 3367 415 3434 Attium
432 3373 463 3432 in
478 3371 651 3434 Annalibus
666 3372 751 3453 apud
764 3373 948 3435 Macrobium
965 3375 1028 3435 Sat.
1048 3376 1069 3434 l.
1090 3374 1120 3434 7.

667 3501 695 3555 et
709 3512 771 3555 uror
787 3495 917 3556 traditus
934 3495 1016 3554 illinc

239 3596 304 3672 iste,
324 3603 359 3656 ut
372 3614 439 3656 cnm
456 3596 582 3656 dominis
598 3595 711 3674 sarneii
725 3598 882 3678 epulentur
898 3596 1025 3670 ibidem·

154 3733 214 3773 nou
230 3715 412 3792 necessario,
437 3714 501 3794 ubi,
521 3733 601 3794 quae
616 3718 765 3796 sequitur,
787 3718 947 3796 longeest,
967 3735 1064 3796 eoque
1079 3715 1226 3796 synizesin

154 3816 218 3876 lieri
234 3817 358 3897 patitur,
378 3825 413 3877 ut

191 3966 196 3974 ·
240 3937 400 3997 Nereidum
415 3940 517 4014 matri,
537 3946 565 3999 et
578 3941 711 4020 Neptuno
728 3937 842 4020 Aeyoeo
851 3961 860 4016 ,·

153 4065 207 4118 aut
221 4055 276 4117 ubi
292 4057 379 4136 longa
395 4067 544 4138 sequente
560 4028 722 4139 corripitur
737 4060 855 4138 syllaba
871 4061 969 4139 hianS,
988 4070 1024 4122 ut

237 4176 354 4238 institue
369 4178 452 4239 Ionio
467 4179 498 4240 iu
513 4197 631 4262 mayaco.
697 4267 700 4272 ‚
