2804 4912
561 181 597 224 nr
615 181 747 225 venereis
763 180 902 227 cauneis.
1236 163 1275 225 67

175 333 251 394 tatis
272 333 469 397 statuebant.
498 335 633 397 Vtuntur
646 344 749 397 autem
767 335 893 397 Creticis
907 344 939 395 et
953 333 1051 412 lyrici,
1070 343 1101 395 et
1117 335 1231 414 tragici,
1250 343 1281 395 et

178 438 317 515 cornici;
337 437 507 517 paeonibus
519 439 626 516 primis
638 441 745 501 cornici
761 439 905 515 maxime,
924 456 1035 517 genere
1050 437 1171 499 numeri
1188 437 1279 499 valde

178 537 320 603 volubili
343 551 373 603 et
388 541 494 620 hilari;
520 544 638 622 quartis
660 551 782 623 autem,
807 559 938 621 quorum
960 559 1071 620 magna
1086 540 1278 603 vehementia

178 651 245 720 est,
271 645 379 725 tragici
394 647 598 725 potissimum.

278 865 394 948 5200.
421 871 573 942 Quoniam
590 888 645 953 pes
655 870 792 931 Creticus
804 886 860 949 per
875 888 908 929 se
924 867 999 930 ordo
1014 869 1209 930 catalecticus
1219 880 1276 950 est,

116 986 123 1053 y.
179 964 377 1054 plerumque
400 991 511 1035 versus
526 973 636 1035 Cretici
661 971 718 1034 hoc
740 973 806 1051 ipso
830 970 909 1052 pede
931 973 1153 1050 terminantur,
1179 991 1280 1053 neque

178 1066 285 1135 aliam
296 1076 448 1138 catalexin
463 1075 588 1137 habent.
615 1074 677 1137 Sed
693 1076 893 1136 inveniuntur
908 1085 1011 1136 tamen
1026 1094 1095 1135 raro
1111 1076 1201 1136 etiam
1218 1097 1281 1139 uno

177 1176 334 1242 trochaeo
356 1179 529 1257 terminati,
556 1180 608 1259 qui
632 1181 699 1240 iure
722 1179 888 1241 catalectici
910 1176 969 1239 dici
984 1187 1131 1259 possunt;
1159 1191 1212 1242 aut
1227 1179 1281 1242 di-

173 1276 287 1350 podia
313 1283 485 1362 trochaica,
512 1283 565 1365 qui
588 1282 844 1364 hypercatalecti,
876 1289 911 1341 ut
933 1280 1018 1361 apud
1040 1281 1225 1362 Aeschylum
1249 1285 1280 1343 in

171 1376 286 1448 Eum.
303 1388 375 1448 att.

281 1496 396 1569 κλῦθ’·
420 1499 439 1568 ὁ
461 1506 602 1581 Λατοῦς
622 1499 684 1589 γὰρ
706 1493 738 1568 l-

207 1626 211 1631 ·
280 1601 326 1684 νίς
347 1599 383 1689 μ’
405 1598 527 1690 ἄτιμον
547 1598 693 1694 τίθησιν.

281 1830 395 1918 5201.
431 1834 548 1897 Salutio
578 1833 676 1899 mullo
699 1831 889 1911 frequentior
910 1842 957 1895 est
978 1834 1009 1894 in
1031 1833 1168 1899 secunda
1191 1833 1280 1914 pedis

167 1932 345 2018 cuiusque
360 1939 440 2018 arsi,
466 1956 559 2018 quam
582 1940 613 1998 in
633 1937 743 2016 prima.
777 1937 900 1997 Perrara
923 1948 971 1998 est
993 1939 1155 2018 utriusque
1177 1956 1280 1999 arseos

171 2030 310 2103 sotum.

281 2246 302 2326 ἦ
317 2243 395 2313 202.
421 2246 589 2309 Dimetri
612 2255 643 2308 et
664 2249 785 2327 tragicis
801 2256 832 2309 et
848 2229 970 2313 comicis
986 2249 1176 2311 usitatissimi
1192 2259 1276 2328 sunt,

174 2346 345 2412 coniuncti
369 2351 412 2412 illi
427 2349 490 2411 iere
505 2351 537 2410 in
553 2359 738 2430 systemata,
765 2351 805 2412 ita
822 2360 857 2412 ut
872 2352 980 2414 ultima
996 2370 1144 2414 versuum
1160 2352 1279 2432 syllaba

175 2459 296 2533 neque
320 2472 433 2531 anceps
459 2455 515 2533 sit,
548 2472 650 2534 neque
676 2455 792 2516 hiatum
820 2455 976 2536 admittat,
1007 2465 1038 2516 et
1063 2455 1139 2516 solvi
1170 2458 1276 2534 possit.

178 2534 259 2707 gis
279 2556 307 2619 in
333 2554 509 2639 systematis
536 2559 627 2621 etiam
659 2567 843 2620 monometer
873 2558 1062 2621 adsciscitur.
1108 2556 1280 2638 Aeschylus

199 2659 300 2738 uppl.
322 2662 394 2722 425.

280 2766 468 2868 φρόντισον,

193 2910 197 2917 ·
279 2881 336 2948 καὶ
351 2886 449 2969 γενοῦ
464 2877 635 2959 πανδίκως

278 2978 416 3073 cicestrie
430 2981 607 3071 πρόξενος·

275 3087 337 3154 τὰν
352 3084 488 3178 φυγάδα
501 3085 547 3178 μὴ
563 3088 710 3175 προδῷς,

274 3190 338 3257 τὰν
353 3189 477 3258 ἕκαθεν
492 3189 651 3282 ἐκβολαῖς

276 3292 436 3374 togaton
451 3289 601 3383 ὀρμέναν.

159 3392 214 3492 ‚vl
232 3415 369 3501 tragici,
389 3421 430 3482 ita
446 3422 553 3481 comici
568 3398 712 3500 quoque,
727 3415 812 3498 apud
827 3435 905 3496 quos
921 3417 1092 3498 frequentia
1115 3425 1189 3480 sunt
1203 3418 1279 3480 haee

163 3511 379 3613 systemata,
398 3524 582 3604 plerumque
598 3531 755 3600 curarunt,
778 3531 814 3582 ut
828 3523 1058 3602 antisystemata
1074 3522 1203 3601 singulis
1218 3541 1279 3602 pe-

161 3594 288 3690 d¹bus
303 3625 536 3707 responderent,
555 3626 785 3705 solutionesque
801 3627 833 3685 in
849 3624 958 3687 iisdem
975 3624 1048 3686 locis
1064 3624 1279 3688 adscisceren-

158 3705 238 3776 tur·
289 3729 383 3799 iidem
407 3730 609 3811 plerumque,
635 3738 670 3791 ut
691 3730 724 3791 in
742 3728 798 3791 hoc
814 3725 957 3808 Aeschyli
979 3730 1138 3810 exemplo,
1165 3729 1279 3792 ebinis

155 3815 371 3915 quibusque
386 3832 521 3915 pedihus
538 3834 601 3897 lere
615 3834 758 3914 priorem,
778 3851 871 3913 quarn
888 3833 1085 3911 posteriorem
1103 3834 1280 3895 maluerunt

152 3919 344 4023 Paeoriem
359 3956 446 4018 esse,
466 3938 539 4021 quia
554 3937 679 4000 suavior
694 3945 742 3997 est
756 3955 923 4015 numerus,
946 3937 1000 4015 qui
1015 3937 1171 3999 remissior
1185 3945 1233 3998 est
1248 3937 1278 3996 in

178 4027 240 4087 ¹¹⁹
257 4083 273 4119 ,
293 4061 385 4125 quam
403 4042 457 4122 qui
471 4059 511 4102 ex
526 4041 699 4102 remissiore
716 4038 821 4101 fortior
836 4040 878 4100 fit.
1281 4052 1284 4057 ·
