2804 4912
449 121 485 164 ee
500 117 632 161 venstnvs
649 118 821 162 nereensis.

126 275 301 356 {ophoclis
316 274 477 336 Philocteta
493 283 596 335 autem
615 293 644 333 v.
668 276 758 334 ¹089.
783 274 874 332 1110.

166 387 212 458 τό
235 385 312 457 ποτ’
335 379 377 456 αδ
397 412 458 473 μοι
478 388 516 456 τὸ
539 383 610 454 κατ’
633 377 733 476 ἦμαρ,

167 497 357 580 κραταιαῖς
375 490 460 576 μετὰ
480 491 602 580 χερσίν,

167 617 325 681 ferendus
353 621 384 681 in
412 618 566 700 strophico
592 624 795 696 anapaestus:
822 634 918 696 quaro
942 607 977 677 τί
997 614 1107 677 delevi,
1148 617 1182 677 In

128 724 306 802 stophanis
323 724 416 784 Ranis
431 742 461 782 v.
481 721 572 782 ⁴322.
594 720 759 801 vituperari
777 729 961 800 usurpatum
978 717 1019 780 ab
1034 718 1182 800 Euripide

128 841 168 882 rc
189 823 321 907 pedem,
347 826 483 906 itemque
507 823 664 904 dactylum
688 831 758 905 post
772 821 861 884 basin
884 830 954 884 ante
970 821 1182 884 choriambum

128 938 201 990 unt
215 929 414 991 scholiastae:

177 1039 367 1133 περίβαλλ’,
391 1035 418 1110 ei
439 1042 563 1127 τέκνον,
587 1037 722 1122 ὠλένας.

180 1142 263 1240 ὁρᾷς
284 1146 342 1216 τὸν
361 1147 453 1215 πόδα
473 1153 613 1230 coliem,-
630 1143 708 1235 δραῖ.

180 1250 215 1320 τί
235 1249 311 1334 δαίς
333 1257 452 1318 τοῦτον
472 1247 571 1339 δρᾷςς
593 1246 672 1334 δρῶ.
724 1327 732 1340 .

181 1355 313 1424 τοιαυτὶ
334 1355 448 1440 μέντοι
471 1351 510 1421 οδ
536 1358 646 1420 πονῶν

181 1465 310 1550 τολμᾷς
329 1452 420 1543 τάμὰ
443 1458 526 1546 μέλη
548 1455 676 1546 ψέγειν,

183 1559 245 1629 ἀνὰ
268 1561 306 1629 τὸ
328 1558 605 1652 δωδεκαμήχανον

228 1663 379 1756 Κυρήνης
398 1666 611 1750 μελοποιῶν,·

183 1914 206 1995 §
221 1909 299 1978 469.
327 1912 472 1992 Dactylus
487 1910 542 1975 ubi
558 1913 588 1973 in
606 1911 673 1974 basi
689 1921 750 1991 est,
778 1921 909 1992 utraque
926 1912 1038 1990 iorma,
1063 1912 1184 1973 ethaeo

181 2048 406 2113 ‚W-W-U..,
1208 2009 1211 2015 ι

142 2138 190 2200 illa

179 2254 395 2288 ..νυ-υ..υο-

132 2364 157 2406 re
169 2363 293 2424 semper
305 2345 427 2406 sibimet
442 2345 500 2426 ipsi
511 2354 653 2407 accurato
670 2344 848 2427 respondet,
867 2353 901 2406 ut
920 2343 1056 2407 dubitari
1071 2347 1179 2427 possit,

148 2448 181 2508 hi
196 2447 338 2526 dactylici
354 2449 455 2527 potius
471 2451 592 2510 numeri
607 2451 679 2510 sint.
714 2450 746 2508 ln
772 2448 936 2509 recentiore
952 2447 1105 2528 tragoedia
1121 2448 1182 2509 da-

133 2551 196 2632 plus
219 2552 250 2610 in
267 2551 332 2611 basi
356 2552 427 2630 poni
450 2551 526 2613 lalso
545 2551 723 2632 putabatur.
755 2549 945 2612 Intellectum
962 2559 1010 2612 est
1024 2551 1106 2611 enim
1121 2569 1183 2611 ne-

133 2663 224 2716 ectam
236 2654 470 2736 responsionum
479 2656 709 2736 congruentiam
717 2655 757 2717 ab
766 2652 923 2716 erroribus
932 2652 1102 2716 scribarum
1115 2671 1183 2715 esse

133 2756 278 2837 electam,
298 2758 380 2820 utin
395 2757 551 2838 Euripidis
567 2758 631 2839 lph.
651 2756 724 2820 dul.
745 2759 815 2821 547.
837 2756 907 2820 tou.

179 2871 370 2957 μελομέναν
390 2867 532 2961 οἴστρων
552 2871 615 2942 ὅθι
637 2870 688 2964 δή.

180 2975 265 3064 μέγα
287 2975 447 3068 φέρουσιν
468 2973 518 3056 εἰς
538 2972 670 3066 ἀρετάν.

134 3104 152 3164 ri
167 3095 375 3182 μαινομένων
392 3102 559 3184 legebatur.
594 3104 633 3164 Et
648 3104 678 3163 in
696 3104 790 3184 lphig.
812 3106 902 3170 Tarm.
925 3104 1018 3165 11211.
1041 3102 1135 3162 llll.

181 3213 365 3285 ἑπτατόνου
389 3217 529 3285 κέλαδον
551 3215 664 3305 λόρας.

182 3319 354 3409 παρθένος
376 3316 561 3405 εὐδοκίμων
582 3319 705 3408 νόμων.

135 3448 151 3507 ri
174 3449 323 3525 scriptum
346 3456 413 3507 erat
441 3440 582 3508 κέλαδον
608 3437 791 3510 ἑπτατόνου
822 3440 932 3530 λόρας.
974 3446 1064 3520 Quod
1086 3466 1183 3527 genus

139 3550 217 3612 meri
240 3549 402 3631 logaoedici
422 3567 514 3629 saepe
530 3569 602 3611 cum
618 3550 780 3631 Glyconeis
796 3552 993 3612 coniunctum
1016 3550 1180 3628 invenitur,

151 3655 183 3716 in
199 3652 354 3736 Aristoph.
381 3653 504 3716 Thesm.
526 3653 618 3716 1136.
645 3653 729 3735 quod
750 3671 875 3716 carmen
895 3654 940 3715 sic
961 3652 1180 3716 scribendum:

181 3784 349 3857 liettoldo
372 3785 430 3877 τὴν
452 3781 632 3876 φιλόχορον
647 3785 724 3872 iuni
990 3787 1119 3876 προῳδ.

183 3896 282 3981 δεῦρο
302 3892 417 3958 καλεῖν
438 3890 540 3978 νόμος
562 3888 596 3969 ἐς
616 3888 727 3978 χορόν,

226 3995 410 4085 παρθένον,
430 3989 533 4084 ἄζυγα
553 3993 683 4087 κούρην,
