<?xml version="1.0" encoding="UTF-8"?>
<!DOCTYPE html PUBLIC "-//W3C//DTD XHTML 1.0 Transitional//EN"
    "http://www.w3.org/TR/xhtml1/DTD/xhtml1-transitional.dtd">
<html xmlns="http://www.w3.org/1999/xhtml" xml:lang="en" lang="en">
 <head>
  <title>
</title>
<meta http-equiv="Content-Type" content="text/html;charset=utf-8" />
  <meta name='ocr-system' content='tesseract 3.04.00' />
  <meta name='ocr-capabilities' content='ocr_page ocr_carea ocr_par ocr_line ocrx_word'/>
</head>
<body>
  <div class='ocr_page' id='page_1' title='image "./godofrediherman00hermgoog/godofrediherman00hermgoog_0043.png"; bbox 0 0 2804 4912; ppageno 0'>
   <div class='ocr_carea' id='block_1_1' title="bbox 243 305 910 365">
    <p class='ocr_par' dir='ltr' id='par_1_1' title="bbox 243 305 910 365">
     <span class='ocr_line' id='line_1_1' title="bbox 243 305 910 365; baseline -0.004 0"><span class='ocrx_word' id='word_1_1' title='bbox 243 305 263 365; x_wconf 82' lang='lat'>6</span> <span class='ocrx_word' id='word_1_2' title='bbox 670 319 728 364; x_wconf 79' lang='lat' dir='ltr'><strong>in.</strong></span> <span class='ocrx_word' id='word_1_3' title='bbox 747 320 768 364; x_wconf 88' lang='lat'><strong>1.</strong></span> <span class='ocrx_word' id='word_1_4' title='bbox 794 318 857 363; x_wconf 67' lang='lat' dir='ltr'><strong>cac.</strong></span> <span class='ocrx_word' id='word_1_5' title='bbox 876 318 910 363; x_wconf 88' lang='lat' dir='ltr'><strong>u.</strong></span> 
     </span>
    </p>
   </div>
   <div class='ocr_carea' id='block_1_2' title="bbox 242 471 1328 665">
    <p class='ocr_par' dir='ltr' id='par_1_2' title="bbox 242 471 1328 665">
     <span class='ocr_line' id='line_1_2' title="bbox 242 471 1328 562; baseline -0.002 -25"><span class='ocrx_word' id='word_1_6' title='bbox 242 484 375 556; x_wconf 88' lang='lat' dir='ltr'><strong>sumpta.</strong></span> <span class='ocrx_word' id='word_1_7' title='bbox 409 472 496 538; x_wconf 85' lang='lat' dir='ltr'><strong>Vnde</strong></span> <span class='ocrx_word' id='word_1_8' title='bbox 510 475 538 535; x_wconf 91' lang='lat' dir='ltr'><strong>si</strong></span> <span class='ocrx_word' id='word_1_9' title='bbox 553 478 690 562; x_wconf 81' lang='lat' dir='ltr'><strong>extrema</strong></span> <span class='ocrx_word' id='word_1_10' title='bbox 705 489 777 552; x_wconf 91' lang='lat' dir='ltr'><strong>pars</strong></span> <span class='ocrx_word' id='word_1_11' title='bbox 791 471 949 535; x_wconf 84' lang='lat' dir='ltr'><strong>dissimilis</strong></span> <span class='ocrx_word' id='word_1_12' title='bbox 962 482 1020 550; x_wconf 87' lang='lat' dir='ltr'><strong>est,</strong></span> <span class='ocrx_word' id='word_1_13' title='bbox 1041 491 1124 534; x_wconf 87' lang='lat' dir='ltr'><strong>nnnc</strong></span> <span class='ocrx_word' id='word_1_14' title='bbox 1140 473 1248 534; x_wconf 82' lang='lat' dir='ltr'><strong>deesse</strong></span> <span class='ocrx_word' id='word_1_15' title='bbox 1266 475 1328 535; x_wconf 89' lang='lat' dir='ltr'><strong>ali-</strong></span> 
     </span>
     <span class='ocr_line' id='line_1_3' title="bbox 243 577 810 665; baseline -0.007 -24"><span class='ocrx_word' id='word_1_16' title='bbox 243 578 327 665; x_wconf 88' lang='lat' dir='ltr'>quid,</span> <span class='ocrx_word' id='word_1_17' title='bbox 347 596 431 640; x_wconf 89' lang='lat' dir='ltr'><strong>nuno</strong></span> <span class='ocrx_word' id='word_1_18' title='bbox 445 595 591 656; x_wconf 89' lang='lat' dir='ltr'><strong>superare</strong></span> <span class='ocrx_word' id='word_1_19' title='bbox 607 577 810 641; x_wconf 81' lang='lat' dir='ltr'><strong>existimatur.</strong></span> 
     </span>
    </p>
   </div>
   <div class='ocr_carea' id='block_1_3' title="bbox 222 781 1328 1482">
    <p class='ocr_par' dir='ltr' id='par_1_3' title="bbox 243 781 1328 1067">
     <span class='ocr_line' id='line_1_4' title="bbox 328 781 1325 865; baseline 0 -19"><span class='ocrx_word' id='word_1_20' title='bbox 328 784 353 865; x_wconf 62' lang='grc' dir='ltr'><strong>ξ</strong></span> <span class='ocrx_word' id='word_1_21' title='bbox 370 781 421 846; x_wconf 80' lang='grc'><strong>15.</strong></span> <span class='ocrx_word' id='word_1_22' title='bbox 447 783 527 846; x_wconf 92' lang='lat' dir='ltr'><strong>Illud</strong></span> <span class='ocrx_word' id='word_1_23' title='bbox 542 791 675 864; x_wconf 87' lang='lat' dir='ltr'><strong>tempus,</strong></span> <span class='ocrx_word' id='word_1_24' title='bbox 690 785 724 844; x_wconf 91' lang='lat' dir='ltr'><strong>in</strong></span> <span class='ocrx_word' id='word_1_25' title='bbox 739 802 801 863; x_wconf 92' lang='lat' dir='ltr'><strong>quo</strong></span> <span class='ocrx_word' id='word_1_26' title='bbox 816 785 896 845; x_wconf 89' lang='lat' dir='ltr'><strong>ictus</strong></span> <span class='ocrx_word' id='word_1_27' title='bbox 909 791 967 860; x_wconf 89' lang='lat' dir='ltr'><strong>est,</strong></span> <span class='ocrx_word' id='word_1_28' title='bbox 985 783 1105 858; x_wconf 80' lang='lat' dir='ltr'><strong>arsin3</strong></span> <span class='ocrx_word' id='word_1_29' title='bbox 1124 803 1160 844; x_wconf 93' lang='lat' dir='ltr'><strong>ea</strong></span> <span class='ocrx_word' id='word_1_30' title='bbox 1176 792 1325 863; x_wconf 88' lang='lat' dir='ltr'><strong>tempora,</strong></span> 
     </span>
     <span class='ocr_line' id='line_1_5' title="bbox 243 885 1328 967; baseline 0 -18"><span class='ocrx_word' id='word_1_31' title='bbox 243 907 324 967; x_wconf 89' lang='lat' dir='ltr'><strong>quae</strong></span> <span class='ocrx_word' id='word_1_32' title='bbox 340 895 445 948; x_wconf 89' lang='lat' dir='ltr'><strong>carent</strong></span> <span class='ocrx_word' id='word_1_33' title='bbox 459 887 532 965; x_wconf 86' lang='lat' dir='ltr'><strong>ictu,</strong></span> <span class='ocrx_word' id='word_1_34' title='bbox 552 886 687 948; x_wconf 90' lang='lat' dir='ltr'><strong>thesin</strong></span> <span class='ocrx_word' id='word_1_35' title='bbox 704 904 860 965; x_wconf 89' lang='lat' dir='ltr'><strong>vocamus,</strong></span> <span class='ocrx_word' id='word_1_36' title='bbox 879 885 1020 964; x_wconf 80' lang='lat' dir='ltr'><strong>exemplo</strong></span> <span class='ocrx_word' id='word_1_37' title='bbox 1036 888 1071 946; x_wconf 87' lang='lat' dir='ltr'><strong>ll.</strong></span> <span class='ocrx_word' id='word_1_38' title='bbox 1088 886 1224 964; x_wconf 90' lang='lat' dir='ltr'><strong>Bentleii,</strong></span> <span class='ocrx_word' id='word_1_39' title='bbox 1243 887 1328 967; x_wconf 91' lang='lat' dir='ltr'><strong>quod</strong></span> 
     </span>
     <span class='ocr_line' id='line_1_6' title="bbox 244 989 1328 1067; baseline 0 -16"><span class='ocrx_word' id='word_1_40' title='bbox 244 992 358 1052; x_wconf 90' lang='lat' dir='ltr'><strong>firmari</strong></span> <span class='ocrx_word' id='word_1_41' title='bbox 379 989 503 1052; x_wconf 88' lang='lat' dir='ltr'><strong>videtur</strong></span> <span class='ocrx_word' id='word_1_42' title='bbox 525 990 703 1052; x_wconf 84' lang='lat' dir='ltr'><strong>auctoritate</strong></span> <span class='ocrx_word' id='word_1_43' title='bbox 719 989 861 1059; x_wconf 72' lang='lat' dir='ltr'>Prisciani</span> <span class='ocrx_word' id='word_1_44' title='bbox 884 1007 916 1067; x_wconf 90' lang='lat' dir='ltr'><strong>p.</strong></span> <span class='ocrx_word' id='word_1_45' title='bbox 938 990 1030 1049; x_wconf 71' lang='lat'><strong>⁴289.</strong></span> <span class='ocrx_word' id='word_1_46' title='bbox 1050 996 1081 1049; x_wconf 91' lang='lat' dir='ltr'><strong>et</strong></span> <span class='ocrx_word' id='word_1_47' title='bbox 1102 990 1240 1050; x_wconf 83' lang='lat' dir='ltr'><strong>Martiani</strong></span> <span class='ocrx_word' id='word_1_48' title='bbox 1261 991 1328 1053; x_wconf 87' lang='lat' dir='ltr'><strong>Ga-</strong></span> 
     </span>
    </p>

    <p class='ocr_par' dir='ltr' id='par_1_4' title="bbox 222 1091 1328 1174">
     <span class='ocr_line' id='line_1_7' title="bbox 222 1091 1328 1174; baseline 0 -20"><span class='ocrx_word' id='word_1_49' title='bbox 222 1093 340 1174; x_wconf 56' lang='lat' dir='ltr'><strong>ipellae</strong></span> <span class='ocrx_word' id='word_1_50' title='bbox 361 1112 392 1172; x_wconf 92' lang='lat' dir='ltr'><strong>p.</strong></span> <span class='ocrx_word' id='word_1_51' title='bbox 411 1093 481 1153; x_wconf 82' lang='lat' dir='ltr'><strong>ttl.</strong></span> <span class='ocrx_word' id='word_1_52' title='bbox 496 1091 546 1154; x_wconf 90' lang='lat' dir='ltr'><strong>ed.</strong></span> <span class='ocrx_word' id='word_1_53' title='bbox 558 1091 699 1155; x_wconf 84' lang='lat' dir='ltr'><strong>Meibom.</strong></span> <span class='ocrx_word' id='word_1_54' title='bbox 732 1091 832 1155; x_wconf 84' lang='lat' dir='ltr'><strong>Ceteri</strong></span> <span class='ocrx_word' id='word_1_55' title='bbox 847 1091 964 1153; x_wconf 85' lang='lat' dir='ltr'><strong>metrici</strong></span> <span class='ocrx_word' id='word_1_56' title='bbox 980 1110 1051 1153; x_wconf 91' lang='lat' dir='ltr'><strong>cum</strong></span> <span class='ocrx_word' id='word_1_57' title='bbox 1068 1092 1193 1153; x_wconf 89' lang='lat' dir='ltr'>musicis</span> <span class='ocrx_word' id='word_1_58' title='bbox 1209 1095 1328 1154; x_wconf 81' lang='lat' dir='ltr'><strong>veteri—</strong></span> 
     </span>
    </p>

    <p class='ocr_par' dir='ltr' id='par_1_5' title="bbox 243 1194 1324 1482">
     <span class='ocr_line' id='line_1_8' title="bbox 243 1194 1323 1276; baseline -0.002 -18"><span class='ocrx_word' id='word_1_59' title='bbox 243 1197 304 1260; x_wconf 87' lang='lat' dir='ltr'><strong>bus</strong></span> <span class='ocrx_word' id='word_1_60' title='bbox 325 1197 426 1259; x_wconf 89' lang='lat' dir='ltr'><strong>thesin</strong></span> <span class='ocrx_word' id='word_1_61' title='bbox 449 1205 574 1276; x_wconf 85' lang='lat' dir='ltr'><strong>vocant,</strong></span> <span class='ocrx_word' id='word_1_62' title='bbox 600 1214 695 1276; x_wconf 87' lang='lat' dir='ltr'><strong>quam</strong></span> <span class='ocrx_word' id='word_1_63' title='bbox 711 1214 767 1258; x_wconf 91' lang='lat' dir='ltr'><strong>nos</strong></span> <span class='ocrx_word' id='word_1_64' title='bbox 781 1196 879 1272; x_wconf 81' lang='lat' dir='ltr'><strong>arsin3</strong></span> <span class='ocrx_word' id='word_1_65' title='bbox 906 1194 1005 1273; x_wconf 89' lang='lat' dir='ltr'><strong>arsin,</strong></span> <span class='ocrx_word' id='word_1_66' title='bbox 1030 1211 1124 1274; x_wconf 87' lang='lat' dir='ltr'><strong>quam</strong></span> <span class='ocrx_word' id='word_1_67' title='bbox 1140 1215 1196 1257; x_wconf 90' lang='lat' dir='ltr'><strong>nos</strong></span> <span class='ocrx_word' id='word_1_68' title='bbox 1210 1197 1323 1258; x_wconf 83' lang='lat' dir='ltr'><strong>thesin.</strong></span> 
     </span>
     <span class='ocr_line' id='line_1_9' title="bbox 243 1297 1324 1380; baseline 0.001 -20"><span class='ocrx_word' id='word_1_69' title='bbox 243 1300 437 1380; x_wconf 82' lang='lat' dir='ltr'><strong>Omninoque</strong></span> <span class='ocrx_word' id='word_1_70' title='bbox 463 1299 521 1361; x_wconf 89' lang='lat' dir='ltr'><strong>alio</strong></span> <span class='ocrx_word' id='word_1_71' title='bbox 549 1297 639 1363; x_wconf 94' lang='lat' dir='ltr'><strong>modo</strong></span> <span class='ocrx_word' id='word_1_72' title='bbox 663 1298 713 1362; x_wconf 90' lang='lat' dir='ltr'><strong>his</strong></span> <span class='ocrx_word' id='word_1_73' title='bbox 740 1298 915 1360; x_wconf 86' lang='lat' dir='ltr'><strong>nominibus</strong></span> <span class='ocrx_word' id='word_1_74' title='bbox 941 1306 1088 1376; x_wconf 82' lang='lat' dir='ltr'><strong>utuntur,</strong></span> <span class='ocrx_word' id='word_1_75' title='bbox 1119 1299 1210 1361; x_wconf 88' lang='lat' dir='ltr'><strong>cuius</strong></span> <span class='ocrx_word' id='word_1_76' title='bbox 1236 1301 1324 1378; x_wconf 89' lang='lat' dir='ltr'><strong>ratio,</strong></span> 
     </span>
     <span class='ocr_line' id='line_1_10' title="bbox 243 1401 1130 1482; baseline -0.001 -19"><span class='ocrx_word' id='word_1_77' title='bbox 243 1405 403 1466; x_wconf 86' lang='lat' dir='ltr'><strong>coniuncta</strong></span> <span class='ocrx_word' id='word_1_78' title='bbox 419 1402 470 1465; x_wconf 93' lang='lat' dir='ltr'><strong>illa</strong></span> <span class='ocrx_word' id='word_1_79' title='bbox 485 1422 557 1474; x_wconf 80' lang='lat' dir='ltr'><strong>cum</strong></span> <span class='ocrx_word' id='word_1_80' title='bbox 572 1402 711 1467; x_wconf 75' lang='lat' dir='ltr'><strong>doctina</strong></span> <span class='ocrx_word' id='word_1_81' title='bbox 727 1404 853 1482; x_wconf 82' lang='lat' dir='ltr'><strong>musica,</strong></span> <span class='ocrx_word' id='word_1_82' title='bbox 872 1401 1059 1481; x_wconf 78' lang='lat' dir='ltr'><strong>perobscura</strong></span> <span class='ocrx_word' id='word_1_83' title='bbox 1074 1408 1130 1462; x_wconf 87' lang='lat' dir='ltr'><strong>est.</strong></span> 
     </span>
    </p>
   </div>
   <div class='ocr_carea' id='block_1_4' title="bbox 242 1580 1331 3858">
    <p class='ocr_par' dir='ltr' id='par_1_6' title="bbox 244 1580 1324 1791">
     <span class='ocr_line' id='line_1_11' title="bbox 328 1580 1324 1692; baseline -0.003 -18"><span class='ocrx_word' id='word_1_84' title='bbox 328 1605 422 1690; x_wconf 69' lang='lat'><strong>516.</strong></span> <span class='ocrx_word' id='word_1_85' title='bbox 454 1611 553 1672; x_wconf 86' lang='lat' dir='ltr'><strong>Potest</strong></span> <span class='ocrx_word' id='word_1_86' title='bbox 573 1611 669 1692; x_wconf 87' lang='lat' dir='ltr'><strong>ictus,</strong></span> <span class='ocrx_word' id='word_1_87' title='bbox 695 1611 750 1690; x_wconf 86' lang='lat' dir='ltr'><strong>qui</strong></span> <span class='ocrx_word' id='word_1_88' title='bbox 772 1607 920 1671; x_wconf 87' lang='lat' dir='ltr'><strong>indicium</strong></span> <span class='ocrx_word' id='word_1_89' title='bbox 942 1580 990 1670; x_wconf 71' lang='lat' dir='ltr'><strong>ost</strong></span> <span class='ocrx_word' id='word_1_90' title='bbox 1010 1627 1138 1670; x_wconf 82' lang='lat' dir='ltr'><strong>caussae</strong></span> <span class='ocrx_word' id='word_1_91' title='bbox 1154 1609 1324 1688; x_wconf 79' lang='lat' dir='ltr'><strong>absolutae,</strong></span> 
     </span>
     <span class='ocr_line' id='line_1_12' title="bbox 244 1711 1289 1791; baseline -0.004 -15"><span class='ocrx_word' id='word_1_92' title='bbox 244 1717 336 1776; x_wconf 89' lang='lat' dir='ltr'><strong>etiam</strong></span> <span class='ocrx_word' id='word_1_93' title='bbox 351 1712 391 1774; x_wconf 91' lang='lat' dir='ltr'><strong>ad</strong></span> <span class='ocrx_word' id='word_1_94' title='bbox 406 1715 518 1775; x_wconf 90' lang='lat' dir='ltr'><strong>seriem</strong></span> <span class='ocrx_word' id='word_1_95' title='bbox 533 1715 594 1775; x_wconf 93' lang='lat' dir='ltr'><strong>iam</strong></span> <span class='ocrx_word' id='word_1_96' title='bbox 609 1713 782 1782; x_wconf 86' lang='lat' dir='ltr'><strong>inchoatam</strong></span> <span class='ocrx_word' id='word_1_97' title='bbox 799 1711 955 1791; x_wconf 82' lang='lat' dir='ltr'><strong>accedam,</strong></span> <span class='ocrx_word' id='word_1_98' title='bbox 975 1721 1010 1777; x_wconf 89' lang='lat' dir='ltr'><strong>ut</strong></span> <span class='ocrx_word' id='word_1_99' title='bbox 1287 1721 1289 1724; x_wconf 77' lang='grc'>’</span> 
     </span>
    </p>

    <p class='ocr_par' dir='ltr' id='par_1_7' title="bbox 242 1819 1331 3858">
     <span class='ocr_line' id='line_1_13' title="bbox 330 1819 408 1863; baseline -0.013 0"><span class='ocrx_word' id='word_1_100' title='bbox 330 1819 408 1863; x_wconf 57' lang='lat' dir='ltr'><strong>vom</strong></span> 
     </span>
     <span class='ocr_line' id='line_1_14' title="bbox 243 1918 1331 2000; baseline -0.003 -17"><span class='ocrx_word' id='word_1_101' title='bbox 243 1920 333 1994; x_wconf 88' lang='lat' dir='ltr'><strong>Quod</strong></span> <span class='ocrx_word' id='word_1_102' title='bbox 353 1939 450 2000; x_wconf 91' lang='lat' dir='ltr'><strong>quum</strong></span> <span class='ocrx_word' id='word_1_103' title='bbox 474 1919 522 1998; x_wconf 86' lang='lat' dir='ltr'><strong>fit,</strong></span> <span class='ocrx_word' id='word_1_104' title='bbox 547 1927 671 2000; x_wconf 88' lang='lat' dir='ltr'><strong>tempus</strong></span> <span class='ocrx_word' id='word_1_105' title='bbox 686 1918 781 1998; x_wconf 92' lang='lat' dir='ltr'><strong>illud,</strong></span> <span class='ocrx_word' id='word_1_106' title='bbox 805 1919 837 1980; x_wconf 91' lang='lat' dir='ltr'><strong>in</strong></span> <span class='ocrx_word' id='word_1_107' title='bbox 853 1937 914 1998; x_wconf 91' lang='lat' dir='ltr'><strong>quo</strong></span> <span class='ocrx_word' id='word_1_108' title='bbox 928 1927 978 1980; x_wconf 89' lang='lat' dir='ltr'><strong>est</strong></span> <span class='ocrx_word' id='word_1_109' title='bbox 991 1919 1081 1997; x_wconf 90' lang='lat' dir='ltr'><strong>ictus,</strong></span> <span class='ocrx_word' id='word_1_110' title='bbox 1100 1919 1173 1998; x_wconf 92' lang='lat' dir='ltr'><strong>quia</strong></span> <span class='ocrx_word' id='word_1_111' title='bbox 1188 1918 1331 1980; x_wconf 75' lang='lat' dir='ltr'><strong>cohaeret</strong></span> 
     </span>
     <span class='ocr_line' id='line_1_15' title="bbox 244 2021 1329 2105; baseline 0 -21"><span class='ocrx_word' id='word_1_112' title='bbox 244 2044 314 2087; x_wconf 89' lang='lat' dir='ltr'><strong>eum</strong></span> <span class='ocrx_word' id='word_1_113' title='bbox 330 2040 508 2105; x_wconf 80' lang='lat' dir='ltr'><strong>praegresso</strong></span> <span class='ocrx_word' id='word_1_114' title='bbox 523 2031 671 2102; x_wconf 87' lang='lat' dir='ltr'><strong>tempora,</strong></span> <span class='ocrx_word' id='word_1_115' title='bbox 687 2031 794 2085; x_wconf 92' lang='lat' dir='ltr'><strong>natum</strong></span> <span class='ocrx_word' id='word_1_116' title='bbox 810 2041 850 2082; x_wconf 80' lang='lat' dir='ltr'><strong>ex</strong></span> <span class='ocrx_word' id='word_1_117' title='bbox 865 2021 915 2083; x_wconf 90' lang='lat' dir='ltr'><strong>illo</strong></span> <span class='ocrx_word' id='word_1_118' title='bbox 931 2021 1073 2101; x_wconf 90' lang='lat' dir='ltr'><strong>habetur,</strong></span> <span class='ocrx_word' id='word_1_119' title='bbox 1093 2031 1185 2100; x_wconf 88' lang='lat' dir='ltr'><strong>atque</strong></span> <span class='ocrx_word' id='word_1_120' title='bbox 1199 2031 1329 2084; x_wconf 89' lang='lat' dir='ltr'><strong>eatenus</strong></span> 
     </span>
     <span class='ocr_line' id='line_1_16' title="bbox 245 2122 1330 2204; baseline 0 -16"><span class='ocrx_word' id='word_1_121' title='bbox 245 2135 329 2189; x_wconf 90' lang='lat' dir='ltr'><strong>caret</strong></span> <span class='ocrx_word' id='word_1_122' title='bbox 346 2127 425 2204; x_wconf 86' lang='lat' dir='ltr'><strong>ictu,</strong></span> <span class='ocrx_word' id='word_1_123' title='bbox 449 2135 481 2187; x_wconf 89' lang='lat' dir='ltr'><strong>et</strong></span> <span class='ocrx_word' id='word_1_124' title='bbox 500 2125 649 2187; x_wconf 91' lang='lat' dir='ltr'><strong>theticum</strong></span> <span class='ocrx_word' id='word_1_125' title='bbox 672 2133 795 2204; x_wconf 84' lang='lat' dir='ltr'><strong>tempus</strong></span> <span class='ocrx_word' id='word_1_126' title='bbox 817 2133 880 2201; x_wconf 74' lang='lat' dir='ltr'><strong>est,</strong></span> <span class='ocrx_word' id='word_1_127' title='bbox 908 2122 964 2185; x_wconf 90' lang='lat' dir='ltr'><strong>sed</strong></span> <span class='ocrx_word' id='word_1_128' title='bbox 987 2122 1069 2185; x_wconf 90' lang='lat' dir='ltr'><strong>idem</strong></span> <span class='ocrx_word' id='word_1_129' title='bbox 1092 2134 1215 2204; x_wconf 87' lang='lat' dir='ltr'><strong>tempus</strong></span> <span class='ocrx_word' id='word_1_130' title='bbox 1236 2145 1330 2188; x_wconf 87' lang='lat' dir='ltr'><strong>aoce-</strong></span> 
     </span>
     <span class='ocr_line' id='line_1_17' title="bbox 244 2227 1331 2308; baseline 0 -17"><span class='ocrx_word' id='word_1_131' title='bbox 244 2230 335 2292; x_wconf 85' lang='lat' dir='ltr'><strong>denle</strong></span> <span class='ocrx_word' id='word_1_132' title='bbox 351 2230 382 2291; x_wconf 87' lang='lat' dir='ltr'><strong>vi</strong></span> <span class='ocrx_word' id='word_1_133' title='bbox 397 2229 553 2307; x_wconf 88' lang='lat' dir='ltr'><strong>absoluta,</strong></span> <span class='ocrx_word' id='word_1_134' title='bbox 580 2229 670 2290; x_wconf 91' lang='lat' dir='ltr'><strong>cuius</strong></span> <span class='ocrx_word' id='word_1_135' title='bbox 686 2227 834 2292; x_wconf 88' lang='lat' dir='ltr'><strong>indicium</strong></span> <span class='ocrx_word' id='word_1_136' title='bbox 849 2229 928 2291; x_wconf 88' lang='lat' dir='ltr'><strong>ictus</strong></span> <span class='ocrx_word' id='word_1_137' title='bbox 942 2236 1004 2306; x_wconf 89' lang='lat' dir='ltr'><strong>est,</strong></span> <span class='ocrx_word' id='word_1_138' title='bbox 1023 2228 1116 2289; x_wconf 92' lang='lat' dir='ltr'><strong>simul</strong></span> <span class='ocrx_word' id='word_1_139' title='bbox 1131 2230 1208 2289; x_wconf 89' lang='lat' dir='ltr'><strong>arsis</strong></span> <span class='ocrx_word' id='word_1_140' title='bbox 1224 2229 1273 2308; x_wconf 85' lang='lat' dir='ltr'><strong>fit,</strong></span> <span class='ocrx_word' id='word_1_141' title='bbox 1299 2240 1331 2292; x_wconf 88' lang='lat' dir='ltr'><strong>et</strong></span> 
     </span>
     <span class='ocr_line' id='line_1_18' title="bbox 245 2330 1331 2413; baseline 0 -19"><span class='ocrx_word' id='word_1_142' title='bbox 245 2352 352 2395; x_wconf 89' lang='lat' dir='ltr'><strong>caussa</strong></span> <span class='ocrx_word' id='word_1_143' title='bbox 376 2340 470 2412; x_wconf 85' lang='lat' dir='ltr'><strong>atque</strong></span> <span class='ocrx_word' id='word_1_144' title='bbox 492 2332 612 2393; x_wconf 90' lang='lat' dir='ltr'><strong>initium</strong></span> <span class='ocrx_word' id='word_1_145' title='bbox 633 2333 832 2412; x_wconf 86' lang='lat' dir='ltr'><strong>sequentium</strong></span> <span class='ocrx_word' id='word_1_146' title='bbox 855 2341 1045 2409; x_wconf 83' lang='lat' dir='ltr'><strong>temporum:</strong></span> <span class='ocrx_word' id='word_1_147' title='bbox 1075 2350 1112 2392; x_wconf 91' lang='lat' dir='ltr'><strong>eo</strong></span> <span class='ocrx_word' id='word_1_148' title='bbox 1132 2330 1237 2410; x_wconf 94' lang='lat' dir='ltr'><strong>modo,</strong></span> <span class='ocrx_word' id='word_1_149' title='bbox 1268 2352 1331 2413; x_wconf 86' lang='lat' dir='ltr'><strong>quo</strong></span> 
     </span>
     <span class='ocr_line' id='line_1_19' title="bbox 245 2434 1331 2518; baseline -0.002 -19"><span class='ocrx_word' id='word_1_150' title='bbox 245 2456 343 2518; x_wconf 90' lang='lat' dir='ltr'><strong>quum</strong></span> <span class='ocrx_word' id='word_1_151' title='bbox 364 2454 490 2515; x_wconf 88' lang='lat' dir='ltr'><strong>corpus,</strong></span> <span class='ocrx_word' id='word_1_152' title='bbox 514 2435 599 2515; x_wconf 86' lang='lat' dir='ltr'><strong>quod</strong></span> <span class='ocrx_word' id='word_1_153' title='bbox 614 2436 647 2496; x_wconf 91' lang='lat' dir='ltr'><strong>in</strong></span> <span class='ocrx_word' id='word_1_154' title='bbox 662 2443 749 2497; x_wconf 91' lang='lat' dir='ltr'><strong>motu</strong></span> <span class='ocrx_word' id='word_1_155' title='bbox 763 2443 824 2514; x_wconf 89' lang='lat' dir='ltr'><strong>ast,</strong></span> <span class='ocrx_word' id='word_1_156' title='bbox 851 2453 931 2496; x_wconf 88' lang='lat' dir='ltr'><strong>nova</strong></span> <span class='ocrx_word' id='word_1_157' title='bbox 946 2435 977 2495; x_wconf 91' lang='lat' dir='ltr'><strong>vi</strong></span> <span class='ocrx_word' id='word_1_158' title='bbox 991 2434 1130 2514; x_wconf 80' lang='lat' dir='ltr'><strong>pellitur,</strong></span> <span class='ocrx_word' id='word_1_159' title='bbox 1154 2453 1189 2495; x_wconf 93' lang='lat' dir='ltr'><strong>ea</strong></span> <span class='ocrx_word' id='word_1_160' title='bbox 1205 2435 1253 2496; x_wconf 90' lang='lat' dir='ltr'><strong>vis</strong></span> <span class='ocrx_word' id='word_1_161' title='bbox 1268 2455 1331 2497; x_wconf 91' lang='lat' dir='ltr'><strong>non</strong></span> 
     </span>
     <span class='ocr_line' id='line_1_20' title="bbox 244 2536 1331 2621; baseline -0.002 -19"><span class='ocrx_word' id='word_1_162' title='bbox 244 2541 351 2621; x_wconf 85' lang='lat' dir='ltr'><strong>incipit</strong></span> <span class='ocrx_word' id='word_1_163' title='bbox 365 2548 492 2617; x_wconf 92' lang='lat' dir='ltr'><strong>motum,</strong></span> <span class='ocrx_word' id='word_1_164' title='bbox 512 2537 568 2599; x_wconf 92' lang='lat' dir='ltr'><strong>sed</strong></span> <span class='ocrx_word' id='word_1_165' title='bbox 583 2547 726 2616; x_wconf 90' lang='lat' dir='ltr'><strong>coeptum</strong></span> <span class='ocrx_word' id='word_1_166' title='bbox 743 2546 842 2618; x_wconf 84' lang='lat' dir='ltr'><strong>auget.</strong></span> <span class='ocrx_word' id='word_1_167' title='bbox 872 2536 952 2602; x_wconf 91' lang='lat' dir='ltr'><strong>lllud</strong></span> <span class='ocrx_word' id='word_1_168' title='bbox 967 2547 1071 2600; x_wconf 88' lang='lat' dir='ltr'><strong>autem</strong></span> <span class='ocrx_word' id='word_1_169' title='bbox 1086 2547 1220 2619; x_wconf 88' lang='lat' dir='ltr'><strong>tempus,</strong></span> <span class='ocrx_word' id='word_1_170' title='bbox 1239 2538 1331 2600; x_wconf 85' lang='lat' dir='ltr'><strong>illave</strong></span> 
     </span>
     <span class='ocr_line' id='line_1_21' title="bbox 245 2639 1331 2724; baseline -0.003 -19"><span class='ocrx_word' id='word_1_171' title='bbox 245 2654 399 2724; x_wconf 90' lang='lat' dir='ltr'><strong>tempora,</strong></span> <span class='ocrx_word' id='word_1_172' title='bbox 429 2661 509 2723; x_wconf 91' lang='lat' dir='ltr'><strong>quae</strong></span> <span class='ocrx_word' id='word_1_173' title='bbox 531 2639 724 2720; x_wconf 88' lang='lat' dir='ltr'><strong>praecedunt</strong></span> <span class='ocrx_word' id='word_1_174' title='bbox 743 2642 842 2720; x_wconf 90' lang='lat' dir='ltr'><strong>arsin,</strong></span> <span class='ocrx_word' id='word_1_175' title='bbox 871 2651 1000 2723; x_wconf 90' lang='lat' dir='ltr'><strong>apparet</strong></span> <span class='ocrx_word' id='word_1_176' title='bbox 1025 2650 1128 2723; x_wconf 86' lang='lat' dir='ltr'><strong>partes</strong></span> <span class='ocrx_word' id='word_1_177' title='bbox 1151 2660 1218 2703; x_wconf 88' lang='lat' dir='ltr'><strong>esse</strong></span> <span class='ocrx_word' id='word_1_178' title='bbox 1239 2645 1331 2704; x_wconf 88' lang='lat' dir='ltr'><strong>seriei</strong></span> 
     </span>
     <span class='ocr_line' id='line_1_22' title="bbox 245 2745 1330 2826; baseline -0.001 -18"><span class='ocrx_word' id='word_1_179' title='bbox 245 2747 285 2808; x_wconf 93' lang='lat' dir='ltr'><strong>ab</strong></span> <span class='ocrx_word' id='word_1_180' title='bbox 300 2746 384 2807; x_wconf 89' lang='lat' dir='ltr'><strong>initio</strong></span> <span class='ocrx_word' id='word_1_181' title='bbox 406 2745 553 2808; x_wconf 87' lang='lat' dir='ltr'><strong>infinitae.</strong></span> <span class='ocrx_word' id='word_1_182' title='bbox 586 2746 630 2806; x_wconf 88' lang='lat' dir='ltr'><strong>Ea</strong></span> <span class='ocrx_word' id='word_1_183' title='bbox 647 2752 783 2826; x_wconf 85' lang='lat' dir='ltr'><strong>tempora</strong></span> <span class='ocrx_word' id='word_1_184' title='bbox 804 2745 1020 2806; x_wconf 85' lang='lat' dir='ltr'><strong>anacrusin</strong></span> <span class='ocrx_word' id='word_1_185' title='bbox 1043 2763 1198 2805; x_wconf 89' lang='lat' dir='ltr'><strong>vocamus.</strong></span> <span class='ocrx_word' id='word_1_186' title='bbox 1233 2746 1330 2807; x_wconf 92' lang='lat' dir='ltr'><strong>Simi-</strong></span> 
     </span>
     <span class='ocr_line' id='line_1_23' title="bbox 244 2824 1329 2928; baseline 0.001 -19"><span class='ocrx_word' id='word_1_187' title='bbox 244 2849 314 2910; x_wconf 69' lang='lat' dir='ltr'><strong>um</strong></span> <span class='ocrx_word' id='word_1_188' title='bbox 335 2849 367 2909; x_wconf 86' lang='lat' dir='ltr'><strong>in</strong></span> <span class='ocrx_word' id='word_1_189' title='bbox 390 2848 494 2928; x_wconf 78' lang='lat' dir='ltr'><strong>figuris</strong></span> <span class='ocrx_word' id='word_1_190' title='bbox 520 2845 656 2909; x_wconf 63' lang='lat' dir='ltr'><strong>aemam</strong></span> <span class='ocrx_word' id='word_1_191' title='bbox 681 2824 1218 2928; x_wconf 53' lang='lat' dir='ltr'><strong>possuitrmnfu‘n&#39;ixcemtecs</strong></span> <span class='ocrx_word' id='word_1_192' title='bbox 1244 2850 1329 2911; x_wconf 81' lang='lat' dir='ltr'><strong>nun</strong></span> 
     </span>
     <span class='ocr_line' id='line_1_24' title="bbox 244 2950 1330 3032; baseline 0.001 -19"><span class='ocrx_word' id='word_1_193' title='bbox 244 2954 306 3013; x_wconf 89' lang='lat' dir='ltr'><strong>sint</strong></span> <span class='ocrx_word' id='word_1_194' title='bbox 321 2952 399 3013; x_wconf 90' lang='lat' dir='ltr'><strong>linea</strong></span> <span class='ocrx_word' id='word_1_195' title='bbox 415 2951 612 3013; x_wconf 83' lang='lat' dir='ltr'><strong>terminatae:</strong></span> <span class='ocrx_word' id='word_1_196' title='bbox 639 2967 720 3032; x_wconf 88' lang='lat' dir='ltr'><strong>quae</strong></span> <span class='ocrx_word' id='word_1_197' title='bbox 743 2950 872 3031; x_wconf 89' lang='lat' dir='ltr'><strong>proinde</strong></span> <span class='ocrx_word' id='word_1_198' title='bbox 887 2951 1024 3013; x_wconf 87' lang='lat' dir='ltr'><strong>infinitae</strong></span> <span class='ocrx_word' id='word_1_199' title='bbox 1038 2960 1121 3013; x_wconf 90' lang='lat' dir='ltr'><strong>sunt.</strong></span> <span class='ocrx_word' id='word_1_200' title='bbox 1154 2952 1211 3013; x_wconf 90' lang='lat' dir='ltr'><strong>Est</strong></span> <span class='ocrx_word' id='word_1_201' title='bbox 1225 2961 1330 3014; x_wconf 89' lang='lat' dir='ltr'><strong>autem</strong></span> 
     </span>
     <span class='ocr_line' id='line_1_25' title="bbox 244 3044 1329 3136; baseline 0 -19"><span class='ocrx_word' id='word_1_202' title='bbox 244 3056 400 3117; x_wconf 88' lang='lat' dir='ltr'><strong>anacrusis</strong></span> <span class='ocrx_word' id='word_1_203' title='bbox 426 3063 536 3117; x_wconf 85' lang='lat' dir='ltr'><strong>natura</strong></span> <span class='ocrx_word' id='word_1_204' title='bbox 563 3071 619 3116; x_wconf 90' lang='lat' dir='ltr'><strong>sua</strong></span> <span class='ocrx_word' id='word_1_205' title='bbox 647 3055 758 3133; x_wconf 91' lang='lat' dir='ltr'><strong>thesis,</strong></span> <span class='ocrx_word' id='word_1_206' title='bbox 788 3056 809 3115; x_wconf 91' lang='lat' dir='ltr'><strong>i.</strong></span> <span class='ocrx_word' id='word_1_207' title='bbox 834 3075 861 3116; x_wconf 87' lang='lat' dir='ltr'><strong>e.</strong></span> <span class='ocrx_word' id='word_1_208' title='bbox 887 3065 1009 3136; x_wconf 88' lang='lat' dir='ltr'><strong>tempus</strong></span> <span class='ocrx_word' id='word_1_209' title='bbox 1035 3073 1097 3115; x_wconf 89' lang='lat' dir='ltr'><strong>non</strong></span> <span class='ocrx_word' id='word_1_210' title='bbox 1123 3074 1163 3116; x_wconf 76' lang='lat' dir='ltr'><strong>en</strong></span> <span class='ocrx_word' id='word_1_211' title='bbox 1188 3044 1329 3118; x_wconf 85' lang='lat' dir='ltr'><strong>absoluta</strong></span> 
     </span>
     <span class='ocr_line' id='line_1_26' title="bbox 243 3156 1329 3240; baseline 0.001 -21"><span class='ocrx_word' id='word_1_212' title='bbox 243 3177 362 3237; x_wconf 83' lang='lat' dir='ltr'><strong>caussa,</strong></span> <span class='ocrx_word' id='word_1_213' title='bbox 377 3156 436 3236; x_wconf 25' lang='lat' dir='ltr'><strong>sed·</strong></span> <span class='ocrx_word' id='word_1_214' title='bbox 448 3176 488 3218; x_wconf 82' lang='lat' dir='ltr'><strong>ex</strong></span> <span class='ocrx_word' id='word_1_215' title='bbox 502 3157 569 3218; x_wconf 92' lang='lat' dir='ltr'><strong>aliis</strong></span> <span class='ocrx_word' id='word_1_216' title='bbox 584 3160 773 3238; x_wconf 82' lang='lat' dir='ltr'><strong>praegressis</strong></span> <span class='ocrx_word' id='word_1_217' title='bbox 789 3159 980 3240; x_wconf 87' lang='lat' dir='ltr'><strong>temporibus</strong></span> <span class='ocrx_word' id='word_1_218' title='bbox 991 3166 1109 3221; x_wconf 85' lang='lat' dir='ltr'><strong>natum.</strong></span> <span class='ocrx_word' id='word_1_219' title='bbox 1136 3158 1329 3222; x_wconf 88' lang='lat' dir='ltr'><strong>Sumendum</strong></span> 
     </span>
     <span class='ocr_line' id='line_1_27' title="bbox 244 3262 1331 3343; baseline 0.003 -21"><span class='ocrx_word' id='word_1_220' title='bbox 244 3270 291 3323; x_wconf 92' lang='lat' dir='ltr'><strong>est</strong></span> <span class='ocrx_word' id='word_1_221' title='bbox 311 3263 411 3340; x_wconf 91' lang='lat' dir='ltr'><strong>enim,</strong></span> <span class='ocrx_word' id='word_1_222' title='bbox 439 3278 616 3340; x_wconf 81' lang='lat' dir='ltr'><strong>praegressa</strong></span> <span class='ocrx_word' id='word_1_223' title='bbox 638 3280 707 3325; x_wconf 90' lang='lat' dir='ltr'><strong>esse</strong></span> <span class='ocrx_word' id='word_1_224' title='bbox 728 3263 788 3324; x_wconf 87' lang='lat' dir='ltr'><strong>alia</strong></span> <span class='ocrx_word' id='word_1_225' title='bbox 810 3272 963 3343; x_wconf 86' lang='lat' dir='ltr'><strong>tempora,</strong></span> <span class='ocrx_word' id='word_1_226' title='bbox 989 3264 1076 3342; x_wconf 88' lang='lat' dir='ltr'><strong>quia,</strong></span> <span class='ocrx_word' id='word_1_227' title='bbox 1103 3262 1187 3342; x_wconf 91' lang='lat' dir='ltr'><strong>quod</strong></span> <span class='ocrx_word' id='word_1_228' title='bbox 1206 3282 1268 3324; x_wconf 91' lang='lat' dir='ltr'><strong>non</strong></span> <span class='ocrx_word' id='word_1_229' title='bbox 1290 3283 1331 3325; x_wconf 85' lang='lat' dir='ltr'><strong>ex</strong></span> 
     </span>
     <span class='ocr_line' id='line_1_28' title="bbox 243 3364 1330 3447; baseline 0.002 -21"><span class='ocrx_word' id='word_1_230' title='bbox 243 3364 384 3426; x_wconf 83' lang='lat' dir='ltr'><strong>absoluta</strong></span> <span class='ocrx_word' id='word_1_231' title='bbox 400 3381 508 3425; x_wconf 86' lang='lat' dir='ltr'><strong>caussa</strong></span> <span class='ocrx_word' id='word_1_232' title='bbox 524 3366 678 3445; x_wconf 87' lang='lat' dir='ltr'><strong>nascitur,</strong></span> <span class='ocrx_word' id='word_1_233' title='bbox 697 3365 730 3425; x_wconf 91' lang='lat' dir='ltr'><strong>in</strong></span> <span class='ocrx_word' id='word_1_234' title='bbox 744 3365 898 3427; x_wconf 89' lang='lat' dir='ltr'><strong>infinitum</strong></span> <span class='ocrx_word' id='word_1_235' title='bbox 914 3384 953 3426; x_wconf 81' lang='lat' dir='ltr'><strong>ex</strong></span> <span class='ocrx_word' id='word_1_236' title='bbox 967 3366 1034 3426; x_wconf 92' lang='lat' dir='ltr'><strong>aliis</strong></span> <span class='ocrx_word' id='word_1_237' title='bbox 1049 3364 1195 3447; x_wconf 80' lang='lat' dir='ltr'><strong>deinceps</strong></span> <span class='ocrx_word' id='word_1_238' title='bbox 1211 3369 1330 3428; x_wconf 90' lang='lat' dir='ltr'><strong>caussis</strong></span> 
     </span>
     <span class='ocr_line' id='line_1_29' title="bbox 243 3470 1331 3549; baseline 0.003 -21"><span class='ocrx_word' id='word_1_239' title='bbox 243 3477 349 3528; x_wconf 92' lang='lat' dir='ltr'><strong>natum</strong></span> <span class='ocrx_word' id='word_1_240' title='bbox 376 3485 444 3528; x_wconf 87' lang='lat' dir='ltr'><strong>esse</strong></span> <span class='ocrx_word' id='word_1_241' title='bbox 469 3485 594 3528; x_wconf 89' lang='lat' dir='ltr'><strong>necesse</strong></span> <span class='ocrx_word' id='word_1_242' title='bbox 618 3477 676 3530; x_wconf 87' lang='lat' dir='ltr'><strong>est.</strong></span> <span class='ocrx_word' id='word_1_243' title='bbox 718 3470 862 3530; x_wconf 82' lang='lat' dir='ltr'><strong>Ceterum</strong></span> <span class='ocrx_word' id='word_1_244' title='bbox 891 3477 1027 3549; x_wconf 87' lang='lat' dir='ltr'><strong>tempora</strong></span> <span class='ocrx_word' id='word_1_245' title='bbox 1054 3487 1152 3548; x_wconf 91' lang='lat' dir='ltr'><strong>quum</strong></span> <span class='ocrx_word' id='word_1_246' title='bbox 1179 3489 1218 3530; x_wconf 75' lang='lat' dir='ltr'><strong>ex</strong></span> <span class='ocrx_word' id='word_1_247' title='bbox 1244 3477 1331 3531; x_wconf 93' lang='lat' dir='ltr'><strong>tem-</strong></span> 
     </span>
     <span class='ocr_line' id='line_1_30' title="bbox 242 3569 1329 3651; baseline 0.004 -21"><span class='ocrx_word' id='word_1_248' title='bbox 242 3569 368 3651; x_wconf 87' lang='lat' dir='ltr'><strong>poribus</strong></span> <span class='ocrx_word' id='word_1_249' title='bbox 389 3572 474 3631; x_wconf 90' lang='lat' dir='ltr'><strong>nasoi</strong></span> <span class='ocrx_word' id='word_1_250' title='bbox 489 3569 635 3649; x_wconf 87' lang='lat' dir='ltr'><strong>dicimus,</strong></span> <span class='ocrx_word' id='word_1_251' title='bbox 655 3571 821 3634; x_wconf 64' lang='lat' dir='ltr'><strong>‘brevitatis</strong></span> <span class='ocrx_word' id='word_1_252' title='bbox 843 3590 952 3634; x_wconf 86' lang='lat' dir='ltr'><strong>caussa</strong></span> <span class='ocrx_word' id='word_1_253' title='bbox 968 3573 1009 3633; x_wconf 93' lang='lat' dir='ltr'><strong>ita</strong></span> <span class='ocrx_word' id='word_1_254' title='bbox 1024 3572 1194 3651; x_wconf 89' lang='lat' dir='ltr'><strong>loquimur,</strong></span> <span class='ocrx_word' id='word_1_255' title='bbox 1220 3581 1329 3634; x_wconf 89' lang='lat' dir='ltr'><strong>trans-</strong></span> 
     </span>
     <span class='ocr_line' id='line_1_31' title="bbox 242 3674 1326 3755; baseline 0.004 -21"><span class='ocrx_word' id='word_1_256' title='bbox 242 3675 302 3735; x_wconf 84' lang='lat' dir='ltr'><strong>lato</strong></span> <span class='ocrx_word' id='word_1_257' title='bbox 317 3674 412 3736; x_wconf 89' lang='lat' dir='ltr'><strong>verbo</strong></span> <span class='ocrx_word' id='word_1_258' title='bbox 427 3693 443 3734; x_wconf 92' lang='lat' dir='ltr'><strong>a</strong></span> <span class='ocrx_word' id='word_1_259' title='bbox 460 3676 577 3737; x_wconf 87' lang='lat' dir='ltr'><strong>caussis</strong></span> <span class='ocrx_word' id='word_1_260' title='bbox 592 3683 688 3755; x_wconf 85' lang='lat' dir='ltr'><strong>atque</strong></span> <span class='ocrx_word' id='word_1_261' title='bbox 704 3674 863 3738; x_wconf 84' lang='lat' dir='ltr'><strong>effectibus</strong></span> <span class='ocrx_word' id='word_1_262' title='bbox 878 3674 919 3738; x_wconf 92' lang='lat' dir='ltr'><strong>ad</strong></span> <span class='ocrx_word' id='word_1_263' title='bbox 934 3685 1087 3755; x_wconf 90' lang='lat' dir='ltr'><strong>tempora,</strong></span> <span class='ocrx_word' id='word_1_264' title='bbox 1114 3693 1193 3755; x_wconf 91' lang='lat' dir='ltr'><strong>quae</strong></span> <span class='ocrx_word' id='word_1_265' title='bbox 1216 3676 1326 3738; x_wconf 89' lang='lat' dir='ltr'><strong>horum</strong></span> 
     </span>
     <span class='ocr_line' id='line_1_32' title="bbox 242 3779 487 3858; baseline -0.004 -19"><span class='ocrx_word' id='word_1_266' title='bbox 242 3779 390 3858; x_wconf 78' lang='lat' dir='ltr'><strong>imagines</strong></span> <span class='ocrx_word' id='word_1_267' title='bbox 406 3788 487 3838; x_wconf 90' lang='lat' dir='ltr'><strong>sunt.</strong></span> 
     </span>
    </p>
   </div>
   <div class='ocr_carea' id='block_1_5' title="bbox 0 0 1406 4912">
    <p class='ocr_par' dir='ltr' id='par_1_8' title="bbox 0 0 1406 4912">
     <span class='ocr_line' id='line_1_33' title="bbox 0 0 1406 4912; baseline 0 0"><span class='ocrx_word' id='word_1_268' title='bbox 0 0 1406 4912; x_wconf 95' lang='lat' dir='ltr'><strong> </strong></span> 
     </span>
    </p>
   </div>
  </div>
 </body>
</html>
