2804 4912
156 284 217 342 244
542 299 598 341 ιιιι.
619 300 673 341 ιιι..
698 299 760 349 ιιι,
779 300 849 342 ιιιι.
955 365 960 371 .

157 473 217 534 quc
233 453 439 533 antistropbas
455 461 595 531 caneret,
615 451 695 514 duas
710 454 865 531 oppositas
881 459 985 530 partes
1000 450 1154 511 orchestrae
1164 459 1198 511 te-

158 558 269 633 nuerit,
288 555 424 635 epodum
436 567 540 617 autem
557 556 700 617 cecinerit
714 565 800 617 stans
816 555 847 615 iu
859 553 961 617 medio
976 554 1137 615 orchestrae
1148 554 1197 614 loeo.

156 663 222 721 b'on
237 659 382 721 abhorret
397 660 453 721 hoc
469 659 509 721 ab
525 661 572 738 iis,
592 679 672 738 quac
687 659 800 720 Marius
815 660 989 720 Victorinus
1004 657 1094 719 relert
1107 677 1133 738 p.
1145 656 1196 717 atet

161 762 221 843 (76.
242 762 290 823 ed.
311 761 476 844 Gaislord.)
504 759 628 846 Antiqui
641 762 765 824 deorum
781 761 887 824 leudes
903 761 1087 851 carminibus
1101 779 1202 842 compre-

157 867 264 928 heosos
279 869 393 929 circum
409 885 484 928 oras
500 885 604 928 eorum
620 874 721 928 euntes
737 864 900 943 canebant,
920 866 1009 927 cuius
1022 865 1144 947 mimum
1155 881 1203 924 om-

156 970 249 1030 bitum
265 989 351 1052 qoem
368 968 616 1052 abyrediebamtur
631 990 651 1030 o
664 976 753 1050 porte
775 969 888 1030 deoetro
904 960 1053 1055 στροφὴν
1072 965 1201 1031 vocabant:

157 1075 354 1143 reversionem
382 1081 483 1135 autem
512 1074 721 1134 sinistrorsum
741 1071 856 1152 factam
879 1072 1023 1152 completo
1047 1074 1142 1153 priore
1157 1066 1204 1131 erit

156 1167 378 1259 ἀντίστροφον
394 1175 600 1257 appellebant:
626 1175 695 1237 derb
710 1176 741 1236 io
757 1183 913 1255 conspectu
929 1174 1054 1236 deorum
1072 1174 1143 1236 soliti
1152 1188 1204 1233 eos-

155 1282 278 1356 sistere,
299 1280 411 1341 comici
424 1280 546 1361 reliquo
561 1279 830 1359 consequebantur,
850 1277 1038 1358 appellantes
1053 1277 1085 1339 id
1098 1263 1205 1359 incdit

241 1482 356 1566 §till
388 1486 490 1547 Potest
508 1496 612 1547 autem
635 1484 832 1565 quadruplex
853 1485 937 1545 chori
958 1486 1082 1565 partitio
1101 1481 1202 1563 cogitari.
1242 1464 1246 1547 l

157 1592 233 1651 Nam
249 1600 303 1652 aut
318 1590 418 1655 omnia
434 1609 452 1650 a
468 1597 530 1650 toto
545 1590 653 1668 choro,
673 1597 728 1650 aut
742 1589 843 1649 omnia
858 1607 876 1649 a
891 1588 1033 1669 partibus
1049 1588 1128 1650 chori
1139 1602 1207 1648 caoe-
1243 1582 1246 1605 ¹

48 1722 50 1726 ·
157 1695 284 1773 bantur,
311 1703 365 1755 aut
384 1701 488 1772 partes
509 1693 592 1753 chori
613 1692 769 1773 strophas,
795 1701 877 1753 totus
900 1700 1005 1753 autem
1027 1693 1135 1753 chorus
1152 1705 1207 1767 ape

156 1798 249 1877 durat,
274 1806 328 1859 aut
351 1805 432 1857 totus
457 1797 568 1858 chorus
591 1796 749 1876 strophas,
779 1794 913 1876 epodum
937 1805 1042 1858 autern
1063 1812 1132 1875 pars
1149 1787 1206 1853 chori

154 1902 294 1963 canebat.

240 2105 352 2189 §672
375 2108 522 2169 Omnium
533 2108 733 2169 usitatissima
743 2106 865 2170 videtur
876 2104 986 2169 divisio
997 2109 1030 2167 in
1038 2107 1098 2168 duo
1111 2101 1206 2166 hemi-

155 2215 287 2274 cboria
305 2212 409 2273 fnisse.
440 2213 520 2272 llaec
535 2209 693 2272 dividendi
708 2212 790 2272 chori
807 2212 882 2271 ratio
897 2209 1071 2272 secundum
1087 2209 1206 2270 Pollucem

154 2318 202 2379 lV.
217 2317 288 2378 tot.
308 2307 451 2397 διχορία,
469 2332 542 2395 pars
558 2314 785 2376 dimidiachori
799 2305 987 2398 ἡμιχόριοι,
1003 2332 1134 2393 carmen,
1148 2301 1206 2388 qued

155 2421 195 2480 ita
212 2417 332 2480 divisus
348 2419 458 2479 chorus
474 2417 614 2499 canebat,
633 2407 807 2499 ἆντιχορία
823 2416 1000 2479 vocabatur.

239 2622 355 2707 §tta
383 2626 481 2704 Saepe
504 2635 607 2686 autem
630 2626 741 2687 chorus
757 2627 848 2687 etiarn
865 2626 897 2685 in
912 2624 1019 2704 plures
1034 2632 1132 2706 partes
1145 2613 1207 2680 divi-

153 2733 300 2807 debatur3
320 2732 396 2810 quin
407 2728 561 2791 interdum
574 2730 687 2809 singuli
698 2749 737 2790 ex
749 2731 802 2792 XV
813 2729 991 2791 cantoribus
1003 2728 1127 2790 seorsim
1137 2735 1208 2784 cane

155 2837 240 2915 bant,
260 2845 295 2896 ut
309 2836 340 2895 in
355 2834 481 2915 paredo,
501 2852 581 2913 quae
597 2834 690 2895 estin
707 2835 830 2912 Septem
847 2831 887 2893 ad
898 2832 1031 2894 Thebas.

239 3043 262 3123 ὓ
277 3039 356 3106 674.
383 3042 489 3114 Qualis
510 3040 604 3102 luerit
618 3059 743 3121 quoque
759 3042 790 3101 in
805 3040 870 3101 loeo
885 3039 994 3123 divisio
1019 3048 1051 3100 ot
1065 3025 1211 3100 distributio

153 3147 252 3225 chori,
272 3166 356 3207 nnnc
370 3165 410 3206 ex
425 3153 621 3225 argumento,
648 3163 731 3206 nuno
753 3163 793 3204 ex
809 3142 1007 3225 dispositione
1030 3141 1209 3223 stropharum

154 3270 237 3312 nune
253 3271 292 3311 en
308 3251 445 3311 numeris
461 3249 584 3311 videtur·
599 3247 697 3328 colligi
712 3250 812 3328 posse.

238 3454 354 3538 §tlh
382 3458 424 3518 lta
447 3457 530 3538 quod
552 3458 584 3517 in
598 3454 825 3535 Agamemnone
842 3455 996 3515 canticum
1017 3463 1065 3517 est
1079 3473 1097 3517 a
1112 3472 1139 3515 ι.
1156 3440 1211 3511 375.

154 3563 207 3642 qui
229 3570 371 3623 accurate
399 3558 652 3640 consideraverit,
677 3558 766 3620 lacile
789 3556 979 3637 adducetur,
1006 3557 1096 3640 epodi
1116 3555 1152 3617 dc
1169 3559 1215 3627 (ιιι

154 3664 268 3727 dictum
286 3675 333 3727 est
348 3663 448 3748 §otu
464 3672 680 3743 argumentum
693 3681 754 3723 non
771 3662 824 3722 toti
839 3661 939 3741 choro,
960 3661 1017 3724 sed
1032 3663 1157 3742 exiguae
1165 3650 1216 3714 eius

153 3770 231 3846 parti
248 3771 420 3829 convenire.
448 3765 523 3828 Vide
538 3766 635 3828 Elem.
655 3766 686 3828 d.
707 3786 746 3827 m.
767 3785 797 3845 p.
811 3767 882 3827 728.

237 3971 353 4055 5676.
380 3976 419 4037 Ει
434 3941 552 4058 quod§
569 3975 641 4036 669.
668 3972 707 4035 de
726 3973 842 4054 parodo
864 3973 1000 4035 diximus
1018 3973 1153 4055 cpodum
1171 3966 1218 4028 ha-

152 4077 254 4158 bente,
271 4097 365 4159 quam
380 4080 541 4141 stasimum
557 4078 698 4158 excipiat,
719 4097 847 4158 arguere
859 4069 994 4156 videtur,
1014 4079 1137 4139 chorum
1153 4063 1218 4133 initlt

152 4183 182 4242 in
204 4191 307 4260 partes
330 4182 447 4260 aliquas
467 4182 618 4261 divisum,
644 4182 803 4261 strophas,
825 4181 1056 4261 <antistropham
1090 4176 1216 4260 epodon
