2804 4912
486 273 522 314 ou
538 272 702 314 uuocuuco
719 272 919 314 euuclucno.
1207 255 1242 314 41

158 428 191 486 in
207 445 271 504 quo
285 425 421 505 neglecta
437 434 485 485 est
499 445 634 487 caesura.
670 427 745 486 Nam
763 427 811 486 tio
826 444 949 505 quoquc
966 444 1074 487 vorsus
1089 445 1248 487 caesuram

159 529 257 590 habet
271 530 303 588 in
320 530 379 589 finc
392 527 481 608 pedis
493 531 604 609 quarti.
630 530 748 590 Sconici
763 539 870 610 poetae
879 529 1064 591 Graecorum
1077 548 1137 589 non
1150 549 1249 592 usur-

158 641 238 714 pant
253 633 312 693 hoc
327 640 471 694 metrum.

247 855 271 936 ὅ
289 852 363 920 128.
391 856 567 917 latinorum
591 863 621 917 et
643 857 747 936 tragici
762 855 909 919 videntur
923 857 980 918 hoc
994 876 1087 919 versu
1103 858 1151 919 usi
1166 877 1244 936 csse,

157 970 191 1021 ct
206 960 315 1020 comici
328 960 376 1020 usi
388 966 462 1020 suut
473 959 615 1020 multum.
639 962 755 1021 Vocant
765 979 836 1022 cum
852 963 1105 1023 octonarium.
1132 959 1249 1022 Pedum

156 1061 287 1124 easdem
300 1062 414 1123 lorinus
425 1062 484 1123 sibi
496 1061 667 1141 indulgent,
683 1082 762 1141 quas
778 1065 809 1124 in
821 1065 1004 1143 septenario.
1030 1065 1153 1126 Plautus
1166 1065 1249 1126 hunc

156 1184 286 1246 quoquc
302 1174 513 1244 osynartetum
528 1165 608 1228 fecit.
642 1167 793 1246 Exemplo
808 1169 870 1229 siut
885 1168 915 1228 hi
930 1169 961 1228 iu
977 1165 1047 1230 Aul.
1066 1169 1114 1228 lll.
1137 1171 1165 1247 t,
1180 1169 1208 1228 l.

247 1288 343 1368 optati
357 1287 447 1363 cives,
463 1287 639 1367 populures,
659 1288 783 1366 income,
803 1288 932 1368 accolae,
952 1289 1088 1352 ddvenoe
1104 1307 1213 1368 omues,

247 1388 317 1450 dcte
331 1391 431 1467 vium,
450 1408 511 1470 quc
525 1387 629 1472 fucere
647 1391 755 1462 liceat·
771 1390 863 1471 scelte
878 1398 955 1452 totoe
967 1393 1087 1473 ploltece
1106 1400 1245 1474 puteant.

157 1513 200 1572 Et
215 1512 247 1571 in
264 1508 405 1572 Bacchid.
426 1510 473 1570 lV.
495 1511 525 1587 3,
539 1510 566 1570 l.

245 1631 397 1710 petulcos,
415 1638 565 1710 protervo,
584 1630 856 1693 iracundo-cimmo
873 1633 1022 1712 indomito,
1043 1635 1212 1717 t'ocoyitutu

246 1734 312 1795 siue
327 1733 413 1795 modo
429 1741 458 1796 et
471 1733 615 1795 modestia
629 1752 706 1811 sum,
725 1735 791 1796 sine
807 1734 879 1795 bono
895 1738 962 1797 iure
977 1739 1066 1816 utque
1082 1737 1201 1817 honore,
1233 1740 1239 1749 '

247 1836 444 1909 incredibilis,
462 1837 615 1918 imposque
632 1838 735 1915 ocimi,
755 1838 950 1900 -tnumuoit's
966 1839 1104 1920 illepidus
1120 1840 1200 1902 vivo.

157 1957 363 2020 Tribrachum
379 1958 411 2018 in
427 1958 534 2019 ultimo
549 1956 629 2038 pede
644 1956 704 2018 sibi
721 1977 782 2018 non
798 1958 977 2021 indulsisset
992 1960 1127 2023 Graccus
1143 1970 1242 2041 poeto.

645 2172 650 2179 2

551 2184 859 2193 ----

615 2344 728 2413 cAP.
748 2345 799 2414 X.

385 2497 443 2566 lle
472 2497 703 2566 trochaico
730 2507 1022 2591 pentametro.

245 2664 269 2745 ὅ
288 2662 362 2729 129.
390 2668 641 2728 Pontatuctro
657 2667 911 2746 catalectico,
932 2687 1025 2747 quom
1041 2661 1248 2751 ὑπέρμετρον

154 2779 248 2830 vocat
256 2770 448 2848 Hephaestio,
460 2771 531 2849 quia
545 2771 666 2850 triginta
679 2779 816 2849 tempora
828 2770 959 2850 excedit,
972 2791 1053 2850 quac
1068 2773 1174 2834 excedi
1187 2794 1248 2835 non

155 2873 275 2935 debore
292 2872 483 2934 contendunt
498 2874 625 2952 metrici,
646 2873 851 2936 Callimachus
867 2892 944 2935 usus
959 2884 1023 2936 ost:

246 2986 376 3075 ἔρχεται
389 2985 495 3066 πολὺς
509 2985 569 3072 μὲν
579 2985 730 3076 Αἰγαῖον
741 2985 925 3078 διατμήξας
939 2985 999 3056 ἀπ’
1013 2988 1146 3082 οἱνηρῆς
1157 2990 1246 3060 Χίου

247 3086 437 3181 ἀμφορεύς,
462 3090 568 3170 nolis
591 3090 629 3159 δὲ
643 3085 926 3216 Λεσβίηξόίωτον
948 3091 1064 3183 νέκταρ
1088 3093 1250 3187 οἱνάνθης

780 3221 878 3285 αγων.

245 3420 361 3503 §13st
388 3425 542 3485 Bontlcius
566 3433 661 3504 errat,
688 3435 820 3488 metrum
844 3427 901 3488 hoc
923 3429 1014 3489 ctiam
1031 3430 1171 3490 Terentio
1187 3431 1248 3490 tri-

154 3529 261 3589 buens
284 3529 315 3587 in
338 3529 456 3589 Phoriu.
477 3530 498 3589 l.
522 3531 549 3607 l,
571 3527 620 3588 t7.
648 3529 694 3588 ΙΙΙ.
716 3531 746 3608 2,
768 3531 795 3590 l.
830 3529 912 3591 Nulli
934 3551 970 3591 co
994 3551 1094 3611 noque
1111 3534 1247 3594 Gracco-

155 3649 230 3692 rum
247 3649 348 3709 neque
364 3632 569 3693 Romanorum
591 3632 703 3692 scenici
726 3642 833 3710 pootee
856 3635 904 3695 usi
921 3644 1003 3695 sunt.
1038 3637 1072 3696 V.
1092 3636 1189 3697 Elem.
1211 3636 1241 3697 d.

154 3755 200 3796 m.
220 3753 252 3813 p.
270 3738 320 3794 93.
