2804 4912
202 291 264 354 m
596 307 888 351 mmmm

202 463 252 525 vel

289 569 316 643 ὦ
338 575 538 664 διθύραμβε.
595 574 599 582 ’

1378 575 1402 633 λι.

202 705 288 776 Quae
304 705 329 763 si
346 722 405 764 non
422 706 541 764 suntin
560 704 620 763 fine
637 702 797 781 strophae,
823 699 925 761 sedin
940 697 1058 779 media,
1087 691 1302 778 μεσύμνια
1379 697 1392 737 i

203 815 360 868 vocantur.
395 806 536 885 Sappho:

288 920 377 1013 ὖλμοι
400 919 441 1009 δὴ
463 918 501 988 τὸ
524 920 706 1009 μέλαθρον,

405 1020 618 1114 Ὑμήναον,

291 1122 433 1214 ἇέρῥειε,
456 1125 606 1204 τέκτονες
627 1119 760 1212 ἄνδρες·

406 1227 620 1319 Ὑμήναον,

288 1331 435 1424 γαμβρὸς
458 1330 587 1420 ἔρχεται
609 1324 683 1410 ἶσος
704 1329 805 1421 Ἄρηϊ.

202 1460 261 1524 Vbi
283 1469 381 1536 recte,
408 1466 443 1520 ut
464 1457 604 1536 videtur,
634 1457 790 1519 Bentleins
812 1455 853 1520 ad
875 1456 976 1518 Horat.
1002 1474 1034 1535 p.
1055 1455 1130 1517 7⁴0.
1161 1466 1300 1519 metrum

203 1564 299 1624 fuisse
314 1562 372 1622 hoc
387 1570 493 1642 putat:

288 1674 374 1767 ἕψοι
397 1676 436 1765 δὴ
456 1676 495 1742 τὸ
517 1676 694 1766 μέλαθρον
717 1669 859 1766 ἆέρῤειε,
881 1675 1030 1753 τέκτονος
1051 1668 1188 1762 ἄνδρες,

203 1802 286 1882 quod
302 1801 556 1881 interpellabatur
571 1804 629 1862 isto
643 1802 824 1880 mesymnio.

289 2005 411 2089 5711.
448 1997 813 2094 Ἐπιφθεμμοιικὰ
836 2017 1031 2086 sunt‚·quae
1050 2008 1165 2086 integri
1188 2025 1300 2069 versus

204 2111 424 2192 longitudinem
440 2111 572 2172 habent:
597 2120 632 2173 ut
646 2112 721 2172 haec
737 2111 800 2173 duc
814 2109 1004 2190 Bacchyiirhs
1019 2110 1185 2189 exempta:

289 2218 433 2316 ἧκαλός
458 2223 648 2315 Θεόκριτος,
672 2221 711 2298 οὐ
733 2231 856 2310 μοῦνος
878 2220 1068 2313 ἀνθρώπων
1092 2221 1186 2314 ἐρᾷς.

204 2361 235 2413 ct

290 2465 328 2534 οὐ
346 2461 375 2533 ri'
392 2464 425 2534 ἐν
445 2471 560 2550 χιτῶνι
580 2464 671 2556 μόνιμ
688 2466 782 2555 παρὰ
803 2465 861 2557 τὴν
878 2463 979 2558 φίλην
994 2468 1133 2554 γυναῖκα
1150 2464 1298 2559 φεύγεις.

205 2591 280 2655 Vide
295 2592 334 2654 de
355 2593 403 2654 his
423 2593 666 2674 epiphonematis
689 2593 851 2673 Hephaest.
871 2611 902 2671 p.
924 2592 973 2654 70.
993 2610 1057 2672 seq.
1082 2591 1169 2674 (⁴28.
1190 2592 1295 2673 seqq.)

290 2817 313 2898 ᾖ
336 2814 413 2880 712.
454 2819 498 2879 Ea
525 2825 646 2896 autem,
680 2836 760 2896 quae
786 2814 875 2878 nohis
903 2808 1112 2901 στροφικὰ
1137 2817 1314 2897 appellare·

206 2921 317 3007 placet,
336 2931 391 2984 aut
404 2913 680 3006 μονόστροφα
696 2929 779 2998 sunt,
799 2929 853 2982 aut
867 2914 1156 3004 πολύστροφα.

290 3140 411 3224 5713.
453 3131 746 3227 Μονόστροφα
776 3152 865 3222 sunt,
900 3161 979 3222 quae
1009 3161 1048 3202 ex
1078 3161 1140 3204 una
1173 3153 1297 3208 tanturn

206 3247 330 3327 stropha
357 3255 506 3308 constant.
544 3248 630 3318 Quae
656 3247 682 3307 si
709 3247 843 3326 longiora
869 3253 960 3324 sunt,
989 3255 1025 3307 ut
1050 3247 1297 3326 magnitudinem

205 3351 347 3431 strophae
369 3348 536 3427 excedant,
562 3358 593 3410 et
613 3358 716 3410 tamen
738 3367 801 3410 non
822 3358 953 3429 possunt
972 3351 1004 3408 in
1025 3349 1132 3430 piures
1150 3352 1298 3432 strophas

205 3452 319 3531 dividi,
350 3441 515 3536 hioppen
541 3461 706 3528 vocantur;
738 3453 846 3530 quales
868 3441 989 3532 νόμοι
1011 3451 1155 3532 fucrant,
1181 3464 1232 3534 et,
1263 3463 1298 3516 ut

206 3557 339 3636 videtur,
358 3556 542 3616 recentiores
558 3554 756 3634 dithyramhi.

290 3763 315 3844 ξ
330 3759 407 3826 714.
442 3751 722 3848 Πολλσνροφα
744 3771 827 3842 sunt,
851 3780 931 3842 qnae
945 3781 984 3822 ex
1000 3759 1144 3839 pluribus
1158 3765 1297 3846 strophis

206 3876 363 3928 constant:
377 3906 380 3920 ·
394 3886 492 3946 eaque
515 3857 860 3951 ἀνομοιόστροφα
884 3873 1049 3945 vocantur,
1078 3866 1108 3926 ai
1129 3864 1297 3933 diuinitas

205 3968 346 4047 strophas
374 3969 504 4045 hahent;
535 3962 931 4055 παρομοιόοτροφα
956 3977 1078 4047 autern,
1108 3970 1135 4029 si
1161 3971 1293 4034 similes.

205 4073 252 4132 Ex
279 4071 326 4131 his
353 4059 727 4155 oivopotcicopopo,
747 4072 773 4132 si
796 4071 875 4134 duae
900 4080 1021 4134 tantum
1045 4071 1193 4150 strophas
1217 4093 1298 4136 con—

206 4176 313 4255 tinent,
333 4165 626 4260 λτερόσιροφα
648 4172 803 4235 dicuntur.
