2804 4912
380 322 417 365 ns
431 322 508 381 iuer,
526 322 621 383 russi,
639 322 674 364 rr
690 322 838 366 micaret.
1133 306 1152 363 t

152 473 177 557 9
194 471 246 539 13.
279 473 369 548 Quod
392 475 418 537 si
432 475 465 534 in
480 475 617 537 numeris
639 476 795 538 invenitur
809 475 912 554 aliqua
928 494 1037 537 caussa
1053 475 1150 537 abso-

64 580 145 657 luta,
165 596 233 638 eam
250 578 343 638 talem
359 595 426 638 esse
442 596 568 639 neeesse
584 587 646 654 est,
669 597 748 657 quae
764 576 976 639 tantummodo
992 587 1149 657 tamquam
1183 574 1186 581 ’

64 700 194 760 caussa,
221 699 283 741 non
298 681 388 742 etiam
405 689 564 760 tamquam
580 681 707 743 effectus
723 691 878 762 appareat.
912 678 1004 758 Atqui
1028 699 1146 760 caussa,
1214 686 1216 691 ’

65 804 145 865 quae
161 782 376 846 tantummodo
388 802 497 844 caussa
511 793 568 863 est,
583 784 658 845 nihil
674 793 721 846 est
736 785 794 846 nisi
810 785 856 846 vis
871 782 989 864 aliquid
1001 782 1145 844 efficiens.

64 890 173 967 ltaque
188 905 298 949 caussa
310 886 451 949 absoluta
467 888 498 948 in
514 888 650 949 numeris
663 889 692 949 vi
708 887 842 969 quadam
858 886 1059 966 caprimenda
1071 905 1151 948 oon-

63 991 201 1051 tiueatur
216 1008 341 1052 necesse
356 998 419 1068 est,
445 1009 524 1070 quae
544 992 655 1055 seriem
670 991 805 1071 aliquam
825 999 998 1070 temporum
1014 991 1146 1071 incipiat.

66 1092 100 1154 ld
121 1101 246 1171 autem,
271 1112 334 1174 quo
353 1094 535 1173 exprimitur
556 1095 671 1172 cavis,
698 1113 759 1155 non
780 1102 881 1175 potest
902 1113 961 1154 non
983 1094 1015 1154 in
1030 1093 1151 1154 fortiore

67 1198 221 1258 notatione
236 1197 365 1259 alicuius
381 1197 474 1258 unius
490 1197 635 1278 temporis
650 1197 785 1277 positum
801 1215 886 1259 esse:
913 1195 1005 1276 idque
1028 1198 1149 1258 ictum

66 1318 225 1362 vocamus.
251 1301 308 1362 Est
322 1318 391 1380 ergo
408 1301 508 1361 ictus
523 1301 571 1360 vis
586 1301 682 1361 maior
697 1298 874 1362 in'notando
886 1300 989 1380 aliquo
1000 1309 1147 1380 tempore,

63 1421 208 1485 caussam
232 1403 322 1464 seriei
344 1411 515 1484 temporum
537 1402 710 1465 absolutam
734 1402 883 1466 indicans.
916 1405 951 1465 ln
974 1405 1150 1482 symmetria

63 1516 169 1570 autem
184 1507 212 1568 si
228 1525 289 1586 qua
304 1525 376 1586 pars
391 1505 533 1569 absoluta
548 1508 720 1579 invenitur,
746 1526 813 1568 eam
836 1507 927 1568 talem
943 1525 1011 1568 esse
1027 1525 1151 1568 necesse

63 1620 125 1690 ost,
152 1619 190 1672 ut
210 1629 279 1671 eam
301 1608 378 1672 illud
400 1628 482 1689 esse,
512 1611 601 1672 cuius
624 1620 724 1672 cetera
746 1619 850 1691 partes
873 1611 949 1687 sint,
975 1628 1036 1670 non
1059 1611 1149 1670 etiam

64 1716 168 1796 ipsum
190 1731 260 1775 esse
283 1713 417 1793 aliquam
440 1733 532 1775 unam
555 1713 769 1794 expertibus,
796 1723 951 1793 appareat.
989 1710 1083 1792 Atqui
1105 1713 1146 1791 id,

67 1818 153 1880 ouius
169 1817 229 1878 alia
244 1824 347 1897 partes
362 1826 445 1895 sunt,
465 1817 567 1878 unitas
583 1826 639 1897 est,
658 1815 698 1878 ad
713 1836 808 1897 quam
824 1816 873 1878 illa
890 1817 989 1877 omnia
1006 1816 1150 1879 referun-

67 1930 124 1983 tur.
159 1922 268 2000 ltaque
289 1937 362 1999 pars
382 1920 520 1981 absoluta
541 1921 573 1980 in
592 1921 770 2001 symmetria
791 1919 908 1980 unitate
924 1920 1026 1999 aliqua
1041 1922 1150 2001 expri-

65 2022 178 2111 menda
199 2023 388 2103 continetur,
418 2022 458 2084 ad
481 2042 575 2104 quam
601 2043 707 2085 omnes
733 2024 903 2105 spatiorum
930 2022 1150 2104 descriptiones

67 2127 180 2188 relatae
205 2135 304 2188 totum
331 2126 406 2207 quid
433 2125 575 2188 efficiant.
613 2127 647 2188 ld
673 2136 795 2206 autem,
826 2144 887 2206 quo
910 2127 1093 2207 exprimitur
1115 2148 1150 2190 ea

72 2231 180 2309 unitas,
194 2249 256 2291 uon
272 2238 372 2308 potest
387 2248 447 2290 non
463 2231 495 2290 in
511 2239 624 2310 puncto
639 2249 707 2292 esse
723 2250 759 2293 eo
775 2230 919 2310 positum,
939 2229 1022 2309 quod
1037 2233 1151 2312 pariter

68 2333 121 2395 toti
140 2334 309 2415 spatiorum
330 2333 527 2414 descriptioni
550 2352 710 2396 commune
731 2342 795 2396 est:
821 2333 915 2412 idque
937 2343 1087 2414 punctum
1104 2344 1151 2396 est

64 2435 221 2516 medium,
246 2436 331 2517 quod
346 2446 520 2499 centrum
537 2446 671 2498 vocatur.
705 2437 762 2501 Est
776 2455 847 2517 ergo
867 2446 1040 2500 centrum
1063 2456 1150 2520 pun-

63 2550 150 2602 ctum
166 2541 294 2603 unicum
317 2543 348 2602 in
363 2540 465 2620 aliqua
481 2540 683 2622 descriptione
703 2541 888 2621 spatiorum,
915 2542 1007 2602 totius
1029 2541 1151 2604 descri-

62 2645 179 2725 ptionis
194 2645 343 2706 unitatem
359 2645 527 2705 continens.

58 2874 62 2879 ·
150 2850 176 2931 ὅ
193 2847 246 2914 14.
273 2853 388 2913 Caussa
402 2850 541 2912 absoluta
557 2851 678 2912 initium
694 2860 741 2911 est
756 2850 894 2911 numeri:
914 2867 985 2930 pars
997 2851 1146 2928 absoluta,

64 2955 204 3018 medium
221 2955 336 3034 ligurac
357 2956 580 3033 symmetricae.
614 2957 717 3016 Finem
733 2954 854 3014 numeri
871 2973 957 3031 vero,
984 2955 1150 3015 terminos-

67 3077 126 3137 que
141 3059 260 3139 figurae
272 3077 332 3119 non
350 3058 419 3119 licet
435 3058 609 3119 notionibus
625 3078 664 3118 ex
679 3059 743 3135 ipsa
760 3058 881 3118 numeri
893 3058 1150 3138 symmetriaeque

71 3170 176 3225 natura
191 3163 297 3242 petitis
312 3160 456 3240 delinire,
483 3161 554 3240 quia
577 3162 634 3222 hoo
655 3170 752 3223 totum
775 3160 981 3240 experientiae
999 3169 1056 3221 est.
1091 3159 1152 3221 Sed

67 3274 98 3327 et
110 3283 312 3328 numerorum
332 3275 363 3326 et
383 3267 551 3344 figurarum
573 3265 839 3343 symmetricarum
855 3262 923 3335 duo,
939 3281 1049 3343 genera
1065 3272 1147 3341 sunt,

64 3387 166 3431 uuum
181 3369 313 3449 simplex
330 3378 364 3431 ut
378 3369 410 3429 in
425 3369 562 3430 numeris
578 3368 618 3447 hi,

152 3474 215 3549 t'N,
285 3474 372 3550 x‘aw'
440 3474 553 3549 <lt-tw,

63 3578 96 3637 iu
111 3576 222 3655 liguris
237 3576 452 3655 symmetricis,
468 3575 611 3653 circulus,
630 3576 779 3655 pyramis,
798 3572 1000 3654 quadratum;
1020 3574 1151 3635 alterum

63 3680 270 3758 compositum
293 3688 332 3739 ex
353 3677 491 3740 eiusdem
512 3679 633 3739 numen'
654 3677 702 3738 vel
726 3677 842 3760 figurae
863 3678 1037 3756 iteratione,
1064 3687 1098 3739 ut
1119 3678 1150 3739 in

63 3784 205 3844 numeris
221 3784 262 3861 hi,

152 3883 250 3931 ,ἰν-υ
264 3883 267 3967 y
282 3888 379 3930 Lux-v
392 3883 395 3968 l
410 3884 507 3931 ,sta-v
520 3883 524 3967 y
537 3883 635 3930 Lea-t)

62 3991 96 4050 in
112 3990 220 4068 figuris
235 3987 443 4069 pyramidum,
463 3989 686 4067 columnarum,
711 3987 858 4050 arborum
873 3990 963 4049 certis
978 3990 1152 4071 proportio-

63 4091 161 4154 nibus
176 4091 392 4172 dispositarum
409 4092 645 4154 vicissitudines
680 4094 713 4152 ln
736 4092 785 4153 his
805 4091 947 4154 omnibus
963 4091 1065 4171 regula
1081 4109 1152 4151 cer-

60 4197 148 4259 nitur
171 4197 313 4276 empirica
340 4197 386 4256 v‘el
410 4196 535 4258 arbitrio
556 4197 734 4274 constituta,
767 4214 829 4257 una
854 4205 940 4275 parte
962 4213 1018 4275 pro
1040 4212 1151 4256 norma
