2804 4912
152 322 194 383 98
533 341 590 385 ιιι.
611 343 641 384 rr.
676 342 738 384 cir.
757 343 833 385 mr.

152 496 185 555 in
199 493 312 555 Phoen.
332 496 404 557 806.
425 496 497 557 807.
519 495 591 557 snt.
612 497 684 559 825.
704 493 754 557 ed.
774 496 878 573 Pars,
904 494 961 558 ubi
983 494 1055 559 nini
1072 493 1190 565 ewen

152 615 261 659 versus
276 598 308 659 in
323 617 423 661 unum
437 598 651 661 hexametrum
667 597 884 679 coniungendi.

235 835 358 920 §294
400 843 642 902 Tetrameter
675 841 939 902 catalecticus
971 842 1010 902 in
1044 838 1190 921 syllaln

151 942 234 1023 apud
250 941 428 1005 Alcmanem
444 945 616 1009 invenitur:

235 1063 342 1126 ταῦτα
356 1059 417 1143 μὲν
432 1056 479 1138 ὡς
493 1055 534 1127 ἂν
550 1056 569 1126 d
585 1061 690 1150 δῆμος
704 1058 806 1138 ἅπας.

157 1185 193 1244 Et
207 1183 292 1265 apud
307 1183 418 1247 Aesch.
438 1186 548 1266 Suppl.
569 1186 642 1246 552.
663 1188 734 1247 att.

238 1298 350 1367 πολλὰ
364 1306 494 1389 βροτῶν
509 1301 760 1387 διαμειβομένα.

239 1402 435 1495 Παμφύλων
449 1429 486 1471 τε
501 1404 707 1492 διορνυμένα.

151 1528 296 1610 Spondeo
311 1531 343 1591 in
359 1530 417 1590 hoc
431 1532 589 1592 excusatio
604 1539 652 1591 est
667 1529 708 1590 ab
724 1530 848 1591 nomine
862 1531 998 1612 proprio.

238 1766 355 1852 §M
380 1772 973 1834 Tetrametercatalecticusin
990 1770 1190 1851 disyllabi

152 1874 333 1936 Archilocho
348 1884 518 1956 usurpatus
534 1877 565 1936 in
581 1873 704 1955 epodis:

237 1988 441 2085 φαινόμενον
456 1989 558 2058 κακὸν
573 1986 682 2058 οἴκαδ’
699 1983 856 2079 ι’ίγεσθαι.

153 2119 195 2178 Εο
211 2136 304 2179 versu
320 2120 436 2198 integra
452 2118 587 2179 cannina
603 2115 741 2179 condidit
751 2116 926 2180 Anacreon:

239 2231 402 2318 ἅδυμελὲς
415 2229 578 2320 χαρίεσσα
593 2233 732 2317 χελιδοῖ.

239 2476 355 2562 5296.
383 2482 627 2542 Tetrarnetro
654 2481 872 2542 acatalecto
894 2489 926 2543 et
946 2483 1079 2551 seorsim
1103 2464 1190 2589 rial*

155 2585 266 2646 scenici
282 2592 408 2664 poetae,
435 2586 475 2646 ita
501 2594 534 2645 ut
548 2593 674 2664 proptor
689 2584 828 2645 ultimam
844 2585 1009 2665 ancipitem
1031 2588 1130 2655 etiam
1142 2586 1190 2651 (Ἀ

153 2708 223 2750 eum
254 2690 285 2749 in
316 2688 376 2748 line
406 2689 477 2767 poni
511 2688 630 2767 liceret,
661 2696 696 2748 nt
718 2687 811 2765 Sopli.
838 2686 911 2749 Phil.
938 2689 1010 2750 826.
1043 2690 1106 2751 nisi
1127 2676 1190 2775 dipl

153 2792 293 2872 scripsit:

238 2903 311 2972 ὕφ’
329 2901 449 2984 ὀδύνας
464 2901 582 2996 cidaris,
599 2903 685 2972 darre
700 2899 731 2971 δ’
748 2899 885 2995 ἀλγέων,

154 3033 231 3093 etin
248 3041 383 3114 systema
407 3032 540 3093 collectis
560 3030 720 3112 pluribus,
745 3050 875 3095 numero
890 3040 1094 3114 perpetuata,
1119 3032 1190 3097 utul

156 3155 225 3197 inus
241 3154 297 3216 pes
312 3154 374 3197 non
397 3136 455 3197 nisi
479 3145 533 3196 aut
553 3133 695 3215 dactylus
718 3144 771 3197 aut
787 3134 945 3215 spondeus
960 3154 1032 3199 esse
1048 3148 1163 3217 posset.
1187 3144 1190 3197 l

154 3241 214 3301 iarn
241 3239 343 3318 lyrici,
374 3248 409 3299 ut
429 3237 574 3316 Alcman,
605 3239 660 3318 qui
687 3247 765 3300 totas
788 3239 929 3319 strophas
952 3239 1011 3300 hoc
1035 3250 1138 3315 metro,
1156 3258 1190 3303 cn

153 3344 272 3422 posuit:
1106 3361 1111 3370 ·

240 3452 352 3538 Moio'‚
374 3450 449 3544 dyc,
473 3454 666 3540 Καλλιόπα,
687 3455 833 3547 θύγατερ
852 3446 948 3541 Διός,

240 3553 312 3649 dpx'
334 3557 460 3648 ἐρατῶν
482 3558 590 3626 ἐπέων
597 3611 606 3642 ,
632 3557 691 3628 ἔπι
707 3557 737 3628 d'
753 3563 868 3651 ἵμερον

239 3662 330 3752 ὕμνῳ
352 3662 410 3730 καὶ
430 3659 586 3750 χαρίεντα
608 3660 702 3731 τίθει
716 3663 825 3754 χορόν.

156 3809 272 3888 Tragici
295 3807 464 3887 comicique
488 3807 519 3865 in
542 3807 770 3887 antistrophicis
791 3806 953 3889 diligenter
975 3827 1155 3897 exaequare
1173 3814 1190 3877 d

155 3910 243 3990 gulos
258 3908 354 3990 pedes
370 3909 479 3986 solent,
499 3918 534 3970 ut
550 3908 671 3990 dactylo
687 3907 839 3990 dactylus,
859 3909 999 3991 spondeo
1014 3915 1190 3995 spondeum

156 4010 316 4093 spondeat.
350 4011 486 4074 Catalexi
502 4021 705 4092 systematum
730 4032 813 4074 nunc
832 4012 983 4092 dactylica
1006 4017 1041 4077 in
1057 4016 1190 4102 disyllalt

156 4124 297 4193 utuntur,
317 4132 401 4177 nunc
415 4116 494 4178 alius
510 4118 630 4196 generis
645 4135 771 4178 versum
786 4118 967 4180 continuant
981 4136 1119 4187 numeru
1132 4122 1190 4189 dac

157 4220 231 4297 lico,
257 4237 342 4280 nunc
362 4220 494 4300 abrupto
517 4219 668 4300 dactylico
691 4239 837 4300 numero,
861 4219 918 4285 scd
938 4230 976 4285 nt
995 4226 1190 4305 ancipitemr
