2804 4912
470 189 504 228 aa
523 162 610 229 rause
626 188 762 230 seroroo.
1103 168 1160 227 tot

156 334 276 418 5320.
309 337 432 399 Sexta
455 338 626 417 decima,
653 342 787 403 moexta
809 341 887 416 arsi,
913 340 1036 400 fitvooc
1051 354 1163 400 mono-

134 441 192 504 aba
209 459 336 502 versum
352 441 495 521 finiente,
522 462 602 522 quae
624 460 686 504 noo
708 452 756 504 est
776 442 922 504 enclitica.
956 445 1042 516 Quae
1056 442 1164 503 incisio

134 554 161 622 l,
189 553 224 606 ut
246 543 374 607 ultimus
395 564 451 624 pes
467 555 585 607 mutato
605 565 734 608 numero
750 566 788 606 ex
804 545 928 608 duabus
943 544 1068 607 arsibus
1084 563 1165 606 con-

134 695 137 706 .
176 648 318 709 Graviter
340 645 398 708 Od.
417 648 454 710 θ.
473 653 522 711 ott.
557 650 681 729 Dionys.
700 650 813 730 Perieg.
834 649 905 710 759.
939 650 1020 728 Virg.
1039 645 1115 710 Aen.
1138 649 1160 709 l.

137 797 146 811 .
175 751 285 831 Georg.
306 751 328 810 1.
350 751 422 812 247.

160 851 262 935 γαῖαν
282 844 370 933 ὁμοῦ
392 848 450 916 καὶ
472 848 610 916 πόντον·
633 845 752 938 ὀρώρει
775 846 804 916 δ’
828 845 1015 935 odoort‘dor
1028 888 1045 902 -
1061 841 1123 930 νύξ.

161 949 334 1034 ἐσχατιάς·
358 951 437 1039 πέρι
459 953 497 1020 δέ
520 977 581 1042 σφι
604 951 782 1042 δυςήντμος
802 951 974 1021 ἐκτέταται
990 990 1006 1004 -
1022 953 1124 1036 χθών.

162 1076 320 1154 cartauc,
340 1079 508 1158 insequitur
524 1079 641 1140 ucmuld
654 1086 840 1159 praeruptus
855 1095 953 1160 corrue
968 1112 984 1124 -
1000 1081 1094 1141 udus.

163 1181 235 1259 tttic,
254 1188 289 1240 ut
300 1180 468 1260 perhibent,
490 1190 544 1244 out
558 1182 733 1265 intempesto
747 1180 814 1244 silet
829 1214 847 1226 ·
864 1183 939 1242 adm.

134 1283 166 1342 in
181 1301 214 1344 re
228 1284 340 1364 pusilla
357 1283 437 1363 Virg.
457 1285 565 1364 Georg.
584 1284 607 1346 l.
630 1285 684 1345 t8l
694 1334 700 1346 .

166 1385 225 1448 tum
239 1388 349 1449 corice
365 1386 496 1449 illudunt
508 1395 624 1467 portes:
642 1406 731 1468 coepe
746 1388 879 1469 tocipuus
892 1421 914 1433 ·-
929 1385 1004 1451 uus.

134 1491 240 1552 atius:

163 1595 340 1675 pdrturiuut
355 1602 476 1672 uocatu,
496 1586 638 1656 noscetur
653 1591 802 1656 ridiculus
819 1628 837 1639 -
853 1593 931 1657 uiris.

166 1781 188 1862 ἦ
201 1778 279 1846 321.
306 1783 465 1863 lnelegans
480 1792 527 1845 est
543 1802 662 1863 versus,
679 1785 732 1864 qui
746 1777 941 1865 quocumque
958 1783 1048 1847 modo
1063 1795 1167 1865 partes

134 1895 177 1947 ›et
191 1888 282 1947 nimis
298 1887 452 1966 aequales,
479 1888 518 1948 Vt
532 1887 563 1948 hi
579 1888 685 1949 Ennii:

169 1990 257 2052 Poeni
270 1996 474 2070 pervertentes
491 2025 510 2035 -
527 1992 627 2052 dmuio
643 1993 894 2069 circumcursant,

167 2092 299 2174 disperpe
315 2093 423 2172 bootes,
442 2128 462 2138 -
479 2093 622 2171 distroire,
643 2094 745 2173 diduc,
768 2094 915 2172 -divide,
934 2095 1035 2175 differ.

134 2205 201 2258 met.
221 2197 256 2258 ll.
277 2198 328 2257 77.

170 2298 334 2381 cupercuut
349 2301 430 2361 uliae
444 2308 553 2382 pectes,
574 2301 657 2362 otioe'
670 2302 857 2363 mmuuutur.

134 2404 144 2458 l
170 2402 289 2482 qualem
317 2404 349 2463 in
377 2404 456 2464 hanc
482 2422 547 2464 rem
573 2405 733 2484 proposuit
758 2405 825 2467 l.ll
868 2407 993 2470 Vossius
1020 2405 1059 2470 ad
1083 2408 1163 2488 Virg.

134 2519 189 2585 erg.
208 2507 243 2566 ΙΙ.
265 2507 337 2567 tte.

169 2610 227 2671 rote
243 2610 366 2671 cadente
382 2612 524 2672 ircueucus
539 2617 651 2672 aratro
665 2612 789 2693 reliquit
803 2613 834 2672 iu
850 2630 936 2674 orco.

170 2794 284 2878 §322
318 2800 440 2861 Latinos
460 2799 659 2862 observatum
675 2810 723 2862 est
737 2819 798 2863 non
813 2819 917 2863 amare
932 2819 1058 2865 versum
1075 2821 1168 2863 vcca-

134 2919 160 2960 .o
174 2903 277 2981 finire,
304 2901 387 2982 quod
403 2921 547 2964 mensura
564 2904 698 2964 lonicum
719 2923 736 2964 a
759 2904 874 2966 minore
898 2906 1001 2967 refert.
1034 2905 1110 2966 liius
1126 2907 1170 2966 rei

134 3022 191 3067 issa
207 3025 268 3067 non
284 3008 315 3066 in
331 3006 382 3066 tali
400 3005 550 3068 vocabulo
565 3008 621 3068 sita
638 3015 699 3085 est,
725 3006 782 3068 sod
797 3008 829 3068 in
843 3007 1062 3089 praecedente,
1081 3010 1164 3089 quia,

134 3121 179 3168 lm
194 3089 298 3170 botida
323 3108 424 3189 lingua
445 3128 506 3170 non
529 3109 643 3173 habeat
662 3129 751 3172 voces
773 3120 937 3191 oxytonas,
964 3113 1168 3175 iniucundum

148 3229 247 3275 vocem
265 3212 436 3291 iambicam,
462 3212 671 3292 spondiacam,
693 3216 919 3295 anapaesticam
936 3235 972 3277 eo
986 3217 1018 3277 in
1034 3216 1098 3278 loco
1114 3216 1169 3278 ul-

134 3332 158 3374 a
172 3326 258 3378 acuta
275 3315 392 3395 audiri,
418 3315 473 3378 ubi
489 3316 548 3376 iam
572 3317 728 3378 remissior
748 3337 832 3396 esse,
858 3336 920 3381 non
943 3320 1089 3382 intensior
1104 3320 1169 3383 fieri

134 3433 230 3482 merus
247 3419 351 3480 debet.
385 3420 469 3480 Vtin
487 3437 580 3480 versu
596 3421 727 3483 Lucretii
751 3421 842 3484 modo
857 3423 957 3485 allato.
991 3424 1093 3495 Quare
1109 3443 1170 3485 cu-

134 3518 251 3600 isolet,
278 3532 314 3584 ut
335 3531 389 3584 aut
404 3524 518 3584 Graeca
534 3524 597 3583 sint
611 3524 718 3585 ultima
735 3525 900 3605 vocabula,
927 3534 981 3588 aut
1000 3525 1115 3605 longior
1129 3528 1170 3588 sit

134 3627 353 3706 ipenultima,
379 3624 559 3706 quaequod
575 3625 730 3706 duplicem
753 3629 846 3690 ictum
862 3630 973 3708 babet,
999 3647 1089 3709 eum,
1116 3630 1170 3709 qui

149 3727 178 3788 in
193 3739 330 3792 extrema
345 3729 475 3810 syllaba,
494 3729 590 3792 babet
603 3727 799 3793 debiliorem:

170 3848 315 3933 duplico
331 3852 479 3912 Dircaeus
494 3852 525 3912 iu
539 3815 649 3913 dctoeo
664 3884 683 3897 -
699 3849 871 3933 Arocyutbo

172 3954 308 4017 tomento
323 3955 490 4036 pemituquc
505 3961 533 4015 et
547 3952 674 4033 femineo
691 3989 712 3999 -
728 3955 855 4018 ulutatu.

174 4057 342 4122 dmbrorioe
358 4073 462 4119 succor
478 4065 505 4118 et
521 4058 703 4140 oddriefrcm
715 4077 897 4143 panaceam.
