2804 4912
383 325 420 368 or
436 322 576 367 sraorms
592 321 688 364 rcarn
706 321 739 360 nr
755 319 860 372 ornari
878 321 1009 363 canorus.
1181 303 1243 367 oto

218 477 436 559 Tragicorum
459 477 616 558 proprium
638 482 686 536 est
707 473 763 534 has
785 474 927 553 strophas
943 475 1030 534 finire
1047 494 1140 536 versu
1156 477 1243 556 ithy-

137 573 299 662 allioo,
336 600 429 662 quem
463 599 526 642 non
557 578 661 640 inveni
693 579 725 638 in
756 577 919 656 lyricorum
950 578 1084 657 strophis
1115 580 1239 640 Doriois.

136 681 327 766 eschylus
342 687 440 746 Prom.
462 684 533 745 533.

221 795 317 889 μηδ’
341 795 493 884 ἀλίτοιμι
516 795 642 886 λόγοις·
665 794 757 882 μάλα
778 820 839 881 μοι
861 792 931 863 τόδ’
954 795 1090 880 ἐμμένοι
1112 797 1169 864 καὶ

223 898 364 993 μήποτ’
390 896 551 991 biarcio.

136 1026 320 1110 tlripidos
336 1028 413 1132 Med.
437 1029 507 1088 tto.

234 1141 356 1212 οὐκέτι
379 1143 577 1222 ὀοςκέλαδος
599 1140 669 1233 φοί-

231 1274 288 1333 μα
317 1251 474 1334 γυναῖκας
496 1244 572 1326 ἕξει.

136 1371 159 1423 ,t
180 1369 237 1433 in
256 1373 367 1436 eadem
383 1371 488 1434 tabula
508 1392 538 1432 v.
560 1373 630 1432 634.
652 1372 724 1432 989.

239 1492 510 1567 Quemadmodum
534 1491 651 1571 ubique
667 1490 752 1571 apud
767 1488 950 1570 Pindarum,
977 1504 1086 1573 atque,
1114 1503 1148 1553 ut
1163 1493 1244 1555 credi

136 1604 190 1647 V¹¹·
224 1607 294 1677 est,
322 1598 408 1678 apud
429 1586 545 1658 ceteros
569 1613 693 1675 quoque
709 1595 818 1674 lyricos
834 1595 939 1674 longae
962 1595 1100 1675 syllabae
1119 1597 1149 1656 in
1167 1596 1245 1658 duas

136 1706 269 1763 *reves
291 1701 418 1780 solutio,
445 1700 651 1778 braviumque
671 1701 702 1759 in
727 1699 846 1778 longam
865 1700 1029 1759 contractio
1048 1718 1108 1759 non
1124 1708 1171 1760 est
1186 1702 1243 1761 nisi

136 1806 153 1846 ἲ
188 1804 390 1865 nominibus
413 1804 544 1884 propriis
566 1821 727 1881 concessa,
754 1803 798 1862 sic
820 1803 911 1863 etiam
934 1802 964 1862 in
982 1802 1114 1881 strophis
1131 1804 1245 1864 Doricis

136 1910 227 1964 fleo
259 1909 309 1969 lex
336 1907 529 1968 observatur.
571 1907 673 1978 Quare
699 1906 786 1984 Pyth.
806 1908 841 1967 V.
861 1909 890 1967 9.
918 1907 969 1966 IV.
992 1905 1039 1965 ii.
1081 1906 1186 1966 lsthm.
1206 1909 1241 1967 V.
1303 1946 1306 1953 ›

136 1992 228 2081 Vl).
256 2013 304 2072 ii).
325 2011 376 2072 ⁶23.
403 2009 616 2071 emendatione
639 2008 784 2089 indigent.
828 2010 859 2069 ln
885 2010 970 2069 Nom.
994 2010 1029 2069 V.
1056 2010 1245 2090 antistropha

136 2101 256 2174 'rima
277 2123 309 2176 et
330 2115 434 2176 lsthm.
454 2115 501 2174 iil.
529 2111 627 2193 epodo
651 2120 760 2192 quarta
784 2111 941 2173 sublatum
963 2121 1011 2173 est
1035 2113 1143 2174 vitium
1166 2115 1246 2174 scri-

136 2216 260 2279 *endo
272 2240 277 2277 :

241 2329 398 2422 Ἐνδᾴδος
417 2326 600 2420 ιοῗρίγνινιις
622 2327 702 2412 οἶοί,

244 2433 322 2503 ναὸν
344 2432 556 2514 Ποσειδᾶνός
577 2428 633 2526 σφ’
658 2432 841 2521 ἐρέπτοντα
868 2433 998 2518 σχέθοι.

136 2653 141 2666 .
245 2579 380 2658 Spondei
405 2580 597 2660 epitritorum
621 2579 717 2657 prima
744 2579 848 2657 longa,
879 2581 967 2640 cuius
989 2580 1106 2641 solutae
1133 2582 1246 2640 mentio

136 2676 235 2742 ‘mia
258 2692 306 2744 est
325 2681 342 2764 ξ
360 2684 452 2760 tat,
481 2702 544 2743 uno
565 2690 683 2743 tantum
701 2682 731 2741 in
748 2683 884 2742 carmine
900 2681 1035 2743 admissa
1051 2692 1111 2761 est,
1138 2683 1242 2743 lsthm.

136 2755 180 2827 ss·
210 2781 244 2844 in
268 2786 326 2846 sine
342 2784 522 2863 epodorum.
554 2786 768 2863 Quamquam,
787 2803 885 2864 quum
902 2785 932 2845 iu
948 2786 1048 2863 prima
1064 2784 1161 2865 epodo
1176 2785 1246 2846 libri

142 2881 265 2948 Omnes
284 2888 418 2949 habeant

244 3003 377 3087 πέμπεν
399 2997 580 3070 ἆνδεῖσθαι
603 2999 750 3085 σελίνων,

158 3120 212 3188 uhi
227 3130 321 3189 critici
338 3118 542 3190 ἀναδεῖσθαι
558 3129 758 3208 scripserunt,
783 3147 944 3209 quumque
960 3130 1085 3190 omnino
1100 3131 1247 3191 Isthmio-

163 3241 225 3291 rum
247 3234 418 3293 carminum
443 3233 545 3292 minus
567 3240 667 3292 certae
689 3234 859 3314 scripturae
875 3233 951 3310 sint,
980 3231 1115 3293 dubitari
1132 3241 1243 3312 potest,

164 3343 277 3413 utrum,
303 3332 388 3414 quod
403 3353 477 3395 sane
493 3333 672 3397 facillimum
689 3344 751 3414 est,
778 3325 984 3397 ἀναδεῖσθαι
1008 3335 1247 3414 praeferendum

162 3439 209 3517 sit,
235 3459 275 3499 an
299 3446 451 3498 mutatum
473 3435 589 3516 aliquid
606 3436 697 3498 [uerit
715 3439 747 3498 in
762 3439 888 3518 reliquis
905 3437 1030 3500 duabus
1046 3437 1172 3517 epodis,
1199 3439 1247 3497 si-

160 3540 282 3621 quidem
304 3541 335 3599 in
357 3539 492 3601 secunda
514 3539 606 3600 scribi
629 3549 770 3619 potuerat
787 3531 829 3607 ,οὗ
852 3533 1092 3626 μελιφθόγμων
1114 3531 1246 3618 ἀοιδᾶν,

158 3647 185 3706 in
208 3645 296 3705 tertia
318 3652 421 3703 autom
446 3636 525 3722 ἐμὸν
548 3638 654 3718 ξεῖνον
676 3629 741 3704 εὖτ’
764 3633 892 3728 ἠθαῖον
915 3635 1027 3728 ἔλθῃς.

241 3779 363 3858 Anceps
385 3789 432 3841 cst
447 3781 541 3841 altera
564 3780 652 3859 longa
675 3780 866 3861 epitritorum
891 3788 1010 3842 tantum
1038 3779 1091 3840 ubi
1115 3791 1169 3842 aut
1184 3782 1248 3842 da-

152 3887 243 3967 ctyli,
263 3893 317 3944 aut
331 3883 544 3962 choriambus,
563 3891 618 3945 aut
632 3884 769 3946 Creticus
785 3892 976 3962 sequuntur:
1004 3882 1075 3945 vide
1092 3883 1109 3966 ξ
1127 3888 1198 3947 539.
1218 3895 1250 3946 et

150 3988 400 4052 dissertationem
423 3985 462 4047 de
486 3995 652 4049 metrorum
675 3985 880 4066 quorumdam
905 4006 1052 4048 mensura
1077 3989 1248 4068 rhythmica

149 4096 182 4155 in
201 4092 315 4170 Opuso.
339 4089 396 4149 vol.
417 4091 450 4150 11.
471 4108 501 4168 p.
525 4092 594 4150 rit.
615 4098 680 4151 tum
703 4092 795 4151 etiam
811 4090 844 4150 in
860 4090 987 4150 nomine
1002 4092 1142 4172 proprio,
1167 4098 1203 4151 ut
1217 4093 1250 4151 in

148 4195 258 4258 lsthm.
279 4195 313 4253 ll.
334 4192 424 4274 epod.
448 4195 474 4254 i.
494 4195 529 4256 V.
549 4194 666 4275 stroph.
689 4195 717 4256 i.
755 4191 946 4274 Corrigenda
970 4202 1044 4256 sunt
1066 4193 1114 4256 01.
1134 4194 1194 4256 Vll.
1216 4197 1244 4254 3.
