2804 4912
152 288 214 350 206
548 308 606 350 tm.
625 307 670 350 m.
697 307 759 350 cnr.
778 307 837 349 xiv.

239 456 355 539 5566.
389 463 504 523 Versus
519 468 573 522 aut
594 462 683 520 nexi
704 472 793 540 sunt,
818 477 950 540 quorum
966 458 1076 539 plures
1092 478 1160 520 una
1174 478 1248 539 por-

153 564 302 644 petuitate
316 566 437 625 numeri
453 565 634 626 cohaerent:
653 555 793 624 autnon
809 563 912 642 nexi,
932 563 986 642 qui
1002 564 1086 624 inter
1101 581 1139 624 se
1154 580 1247 642 pausa

152 667 202 727 vei
217 668 337 728 silentio
354 667 476 729 discreti
491 676 579 743 sunt;
606 676 661 728 aut
681 667 897 745 seminexi,
925 684 1061 745 quorum
1076 665 1199 746 plures,
1217 676 1249 728 ut

153 771 275 832 lihitum
292 781 352 850 est,
381 771 429 831 vei
450 771 625 831 continuato
640 772 691 831 vel
705 790 763 852 per
776 788 904 853 pausam
927 770 1104 850 interrupto
1120 788 1249 832 nomem

153 876 364 936 continentur:
384 875 438 954 qui
453 882 604 935 vocantur
619 875 711 935 etiam
727 875 970 954 asynarteti.

239 1078 360 1160 5567.
399 1084 585 1161 systema
610 1091 659 1144 est
683 1100 833 1142 numcms
859 1090 1032 1161 perpetuus
1059 1099 1077 1140 e
1105 1080 1250 1141 versibus

156 1187 245 1246 nexis
260 1187 434 1246 cohaerens.

241 1391 264 1472 5
279 1389 356 1456 568.
383 1393 546 1472 Stropha
562 1402 609 1454 est
624 1411 773 1497 numerus
788 1412 806 1453 e
821 1382 964 1454 versibus
979 1394 1159 1472 utcumque
1174 1410 1251 1453 cou-

156 1496 278 1558 sociatis
294 1496 489 1577 compositus

241 1700 357 1786 5569.
390 1704 558 1766 Commune
575 1705 678 1784 itaque
699 1704 920 1784 systematis
942 1713 972 1764 et
987 1703 1173 1784 strophae
1191 1712 1246 1784 est,

157 1806 241 1887 quod
263 1807 465 1888 expluribus
488 1808 631 1870 versibus
654 1816 810 1884 constant;
839 1808 962 1888 propria
985 1817 1077 1887 sunt,
1111 1806 1199 1888 qnod
1220 1809 1248 1867 in

156 1920 367 1992 systemate
393 1930 503 1974 versus
525 1913 597 1973 nexi
623 1920 711 1990 sunt,
741 1929 866 1990 unaque
891 1912 1101 1992 perpetuitate
1128 1911 1247 1973 numeri

157 2017 335 2093 cohaerent;
363 2018 395 2077 in
419 2016 584 2097 stropha
608 2024 711 2076 autem
727 2034 787 2076 non
804 2023 852 2076 est
866 2015 1092 2095 necessarium,
1124 2023 1159 2076 ut
1180 2014 1246 2075 nexi

157 2121 228 2198 siut,
247 2118 304 2181 sed
320 2127 350 2181 et
363 2121 435 2181 nexi
451 2128 482 2180 et
495 2138 557 2181 non
571 2120 645 2179 nexi
660 2128 691 2180 et
705 2119 864 2197 seminexi,
890 2128 922 2179 et
935 2118 1049 2199 partim
1064 2120 1154 2198 nexi,
1172 2122 1244 2199 por-

158 2224 210 2284 tim
226 2241 286 2284 non
309 2225 398 2302 nexi,
423 2225 535 2305 partim
558 2223 706 2284 seminexi
730 2240 798 2282 csse
817 2231 957 2303 possunt.
992 2221 1083 2295 Quod
1099 2224 1128 2284 si
1145 2238 1244 2285 omnes

159 2345 219 2387 una
236 2327 439 2406 perpetuitate
458 2328 531 2387 nexi
552 2336 642 2405 sunt,
669 2328 827 2407 stropha
848 2345 911 2388 uno
933 2334 1148 2404 systemate
1172 2338 1241 2387 eou-

158 2439 228 2508 stat‚
249 2439 280 2490 et
294 2448 355 2491 non
371 2430 473 2491 differt
487 2450 504 2491 a
520 2437 753 2510 systemate.
785 2427 922 2491 Indidem
940 2433 1092 2511 sequitur,
1113 2439 1152 2492 ut
1166 2441 1241 2492 stro-

158 2534 218 2614 pha
234 2533 323 2613 plura
344 2543 567 2613 systemata
587 2535 743 2596 continere
757 2536 864 2615 possit,
883 2553 945 2595 non
960 2535 1053 2596 etiam
1073 2546 1239 2614 systema

158 2639 263 2717 piures
280 2639 480 2719 strophas.

245 2843 360 2926 5570.
394 2848 592 2929 Praeceptum
612 2847 844 2928 Hephaestionis
865 2866 896 2928 p.
919 2849 958 2908 ii
980 2845 1070 2930 (th).
1097 2847 1171 2909 πᾶν
1188 2840 1239 2927 μὲ·

160 2969 237 3033 opor
268 2940 317 3023 εἷς
345 2946 476 3012 τελείαν
504 2951 711 3034 περατοῦται
739 2943 842 3030 λέξιν,
880 2959 998 3032 spectat
1027 2949 1070 3012 ad
1104 2968 1239 3014 versus

160 3072 236 3114 non
255 3073 396 3134 nexos,
421 3072 552 3133 quorum
569 3055 601 3113 in
616 3054 691 3133 fine,
711 3056 783 3134 quia
799 3055 841 3115 ibi
856 3073 954 3136 pausa
970 3056 1018 3135 iit,
1042 3056 1139 3118 etiam
1155 3074 1241 3118 voca-

160 3156 270 3218 huium
290 3158 370 3218 finiri
393 3165 527 3237 oportet3
554 3176 616 3219 non
636 3157 675 3218 ad
697 3177 807 3220 versus
830 3177 969 3238 nexos,
994 3178 1052 3238 per
1072 3179 1153 3240 quos
1168 3157 1241 3221 idem

161 3269 363 3340 perpetuatur
384 3278 548 3339 numerus;
579 3280 681 3341 neque
708 3261 748 3322 ad
773 3263 1017 3342 seminexoS,
1049 3261 1242 3344 quoniamin

162 3365 208 3424 his
224 3374 259 3425 ut
274 3365 371 3443 possit
385 3384 455 3426 cum
470 3384 563 3426 versu
579 3365 658 3425 finiri
678 3384 841 3444 numerus,
869 3375 973 3427 tamen
994 3384 1057 3427 non
1079 3363 1245 3428 necessario

85 3502 95 3519 ·
163 3469 277 3529 tinitur.
309 3470 415 3547 ltaque
431 3478 462 3529 et
482 3470 688 3550 stropham
709 3486 831 3530 omnem
847 3479 877 3530 et
895 3479 1075 3550 systema
1091 3489 1186 3532 omne
1198 3470 1246 3529 iu-

163 3582 245 3652 tegra
261 3590 335 3634 voce
351 3572 521 3636 finiendum
537 3583 599 3635 est:
627 3573 683 3635 sed
706 3575 759 3653 qui
781 3583 947 3652 systemate
963 3573 1163 3637 continentur
1178 3591 1247 3637 ver-

163 3695 235 3754 sm,
265 3696 326 3737 non
350 3697 428 3757 opus
448 3688 495 3739 cst
518 3686 553 3738 ut
575 3679 693 3757 integra
715 3696 788 3738 voce
812 3677 973 3755 finientem
1005 3679 1059 3756 qui
1086 3678 1247 3759 stropha

164 3781 372 3860 continentur,
396 3791 463 3842 tum
479 3779 622 3861 demum⁷
646 3783 672 3843 si
693 3800 766 3843 non
785 3781 878 3842 nexi
900 3791 988 3863 sunt,
1007 3801 1079 3843 cum
1095 3783 1167 3862 ipsa
1182 3800 1250 3845 voce

166 3885 244 3944 finiri
260 3883 384 3946 debent.
