2804 4912
502 165 538 206 nn
554 164 671 207 irrisuro
686 162 904 207 rnrrsrmrrco.
1208 143 1248 207 73

182 289 301 378 soluitur
314 327 418 379 autem
440 318 471 377 in
488 318 631 381 omnibus
647 318 852 398 antispasticis
868 316 1011 378 versibus
1028 317 1152 395 saepius
1167 317 1251 396 prior

187 413 263 498 ursis,
286 439 380 501 quam
401 421 566 501 posterior,
593 441 674 503 quac
694 422 766 502 quia
788 420 912 499 propior
934 420 1001 493 fini,
1027 419 1159 498 quietior
1181 437 1250 479 esse

182 509 269 584 debet.

253 726 367 813 5215.
395 733 456 793 Nec
467 731 597 795 dimeter
609 733 755 814 frequens
770 741 826 794 est.
857 729 1027 810 Aeschylus
1034 727 1139 810 Agam.
1156 730 1247 791 1151.

168 834 182 893 ό
194 835 246 894 ibi
258 882 264 894 .

253 945 354 1034 νόμον
374 941 509 1033 όνομον,
533 939 590 1016 οἷό
612 974 664 1030 τις
685 946 808 1031 ξουθό·

158 1153 164 1160 .
253 1049 288 1120 εἰ
309 1047 340 1118 δ’
364 1047 517 1143 ἐπίφοβα
539 1047 696 1152 όνςφόνῳ
720 1052 856 1143 κλαγγζ.

253 1259 369 1343 5216.
397 1266 545 1328 Trimctro
562 1283 638 1328 usus
650 1265 774 1329 videtur
781 1265 945 1347 Euripides
961 1267 993 1327 in
1000 1266 1087 1328 Herc.
1104 1265 1164 1327 fur.
1178 1267 1251 1327 om.

153 1368 307 1431 subiecto
323 1386 448 1429 versuo
465 1367 589 1431 duobus
604 1367 752 1431 doobmiis
767 1369 861 1431 iacto:

254 1481 339 1570 λέγε,
362 1479 438 1550 τίνα
460 1480 586 1573 τρόπον
608 1480 706 1552 ἔσυτο
728 1482 858 1553 θεόθεν
880 1484 936 1552 ἐπὶ
957 1482 1115 1573 μέλαθρα
1137 1509 1197 1550 κα-

254 1583 297 1652 κὰ
319 1583 411 1669 τάδε,
434 1583 598 1676 τλήμονάς
618 1611 654 1653 τε
678 1584 811 1654 παίδων
832 1585 941 1672 τόχας.

255 1810 372 1894 5217.
404 1815 520 1895 Saepe,
554 1813 639 1896 apud
667 1817 794 1896 tragicos
822 1817 1033 1897 potissimum,
1066 1817 1256 1898 antispastus

160 1918 360 1982 consociatur
374 1918 441 1981 aliis
463 1919 617 1996 numeris,
640 1917 776 1980 iambicis
799 1921 932 2001 maxime
955 1928 986 1981 et
1007 1920 1175 1982 trochaicis.
1209 1922 1258 1982 Ex

162 2021 217 2082 bis
231 2020 354 2082 iambici
376 2022 439 2083 fere
462 2041 523 2083 non
545 2031 620 2084 sunt
633 2041 674 2084 cx
689 2022 741 2099 iis,
768 2022 807 2085 de
823 2022 938 2104 quibus
954 2041 1049 2103 supra
1070 2023 1257 2104 explicatum

170 2134 228 2199 est,
246 2125 299 2206 qui
313 2144 371 2206 per
384 2123 523 2206 dipodias
538 2123 696 2202 incedunt,
715 2123 771 2186 sed
785 2144 825 2187 ox
840 2127 898 2188 alio
910 2144 1031 2206 genere,
1052 2136 1178 2207 cognato
1193 2147 1256 2188 an—

170 2229 316 2307 tispastis.
342 2226 432 2301 Quod
447 2229 520 2308 quia
535 2247 574 2289 ox
590 2228 785 2291 brevioribus
800 2229 964 2292 ordinibus
979 2239 1114 2309 constat,
1134 2240 1166 2293 et
1181 2250 1258 2311 pro-

164 2330 243 2392 inde
257 2329 410 2409 syllabam
426 2333 516 2394 etiam
533 2333 696 2412 ancipitem
711 2333 748 2394 iis
764 2335 796 2394 in
811 2334 884 2396 iocis
899 2332 1042 2412 admittit,
1061 2333 1209 2414 aquibus
1225 2335 1257 2395 in

165 2431 304 2513 dipodiis
328 2434 452 2497 exclusa
467 2444 532 2513 est,
558 2434 643 2497 unde
663 2436 779 2498 fractus
801 2446 832 2498 et
855 2435 965 2499 debilis
985 2437 1125 2499 incessus
1149 2437 1255 2515 oritur,

164 2536 510 2619 iscbiorrbogicos
540 2537 659 2600 iambos
682 2557 844 2617 vocamus,
868 2541 1009 2616 nomine,
1036 2536 1120 2618 quod
1144 2540 1259 2600 metrici

166 2640 308 2701 trimetro
317 2641 521 2722 Hipponacteo
536 2641 758 2720 adhibuerunt,
778 2644 839 2705 buc
855 2644 1011 2704 translato.
1035 2643 1151 2703 Eorum
1167 2651 1259 2718 prout

165 2751 224 2805 aut
239 2743 453 2822 monosyllaba
467 2755 522 2807 aut
536 2744 688 2824 disyllaba
703 2745 862 2808 anacrusis
877 2754 934 2822 est,
954 2746 1011 2805 bae-
1026 2745 1142 2806 iormae
1158 2745 1260 2805 usita-

165 2845 307 2908 tissimae
322 2857 411 2910 sunt:

256 2941 418 2998 ῦζῦέῦ
626 2963 629 2970 ·
729 2944 915 2998 υυέῦέῦ

285 3085 337 3118 νυ
774 3085 826 3118 w

261 3167 479 3223 '‘LO-CCL
690 3168 937 3222 WLULUL

286 3311 338 3344 w
372 3312 424 3344 W
731 3308 783 3342 w
827 3310 879 3343 w

130 3450 133 3454 .
165 3403 377 3466 Inveniuntur
398 3408 503 3463 autem
524 3400 556 3461 hi
579 3418 690 3462 versus
718 3401 810 3462 etiam
838 3401 924 3463 nullo
952 3400 1121 3480 antispasto
1144 3397 1258 3460 addito.

167 3505 326 3586 Exemplo
341 3507 381 3568 sit
396 3522 519 3565 carmen
536 3503 790 3582 antistropbicum
806 3503 947 3585 in-Sopb.
968 3503 1078 3565 Electr.
1100 3503 1184 3563 sot„

259 3613 288 3688 ὦ
309 3619 470 3699 Πέλοπος
492 3615 514 3687 ἁ
539 3615 692 3704 πρόσθεν
986 3639 1056 3704 στρ.

260 3721 455 3802 πολύπονος
477 3720 613 3806 ἱππεία,

260 3825 306 3908 ὡς
328 3824 446 3913 ἔμολες
467 3823 567 3916 αἰανῆ

303 3933 386 4021 τᾷδε
408 3935 458 4020 γᾷ.

260 4031 334 4103 εὖτε
356 4033 418 4123 γὰρ
441 4031 460 4102 ό
483 4031 682 4110 ποντισθεὶς
796 4101 798 4107 ,
