2804 4912
563 328 600 369 na
616 324 770 369 rnosoom.
1172 308 1211 370 tt

93 481 222 541 etiam
243 471 451 559 corripiuntur
479 480 572 541 simul
595 481 809 559 pronuntiatae
832 480 952 540 meaios
975 489 1124 559 sequente
1154 481 1213 542 alit

92 585 242 661 voeali,
262 582 318 644 sed
334 584 385 642 vix
402 581 490 643 aliter
504 600 598 662 quarn
614 585 645 643 iu
660 581 798 645 seeundo
813 581 927 662 deetyli
944 582 1080 664 syllaba:

218 697 357 786 δενδρέῳ
375 694 579 788 ἐφεζόμενοι.

87 812 209 883 Nam
223 822 306 904 quod
321 821 405 903 apud
420 822 586 885 Hesiodum
602 833 650 885 est
665 824 701 884 Ο.
721 831 752 883 et
767 824 801 883 D.
823 820 894 884 titt.

210 930 341 1028 Ἄσκρῃ,
356 941 456 1023 χεῖμα
471 943 566 1028 κακῇ,
585 938 679 1028 θέρει
697 932 849 1029 ἀργαλέῃ,
867 933 1036 1006 οὐδέποτ’
1054 932 1170 1031 ἐσθλῇ,

83 1047 145 1113 Ῑῑὶ
185 1085 215 1126 eo
233 1065 334 1125 neseio
357 1083 397 1123 an
420 1082 481 1124 non
497 1056 550 1148 έῃ,
577 1063 667 1149 εεάῃ
684 1083 723 1125 σε
747 1063 971 1126 contrahendae
993 1066 1065 1125 sint.
1099 1065 1212 1125 Vsitata

82 1167 162 1220 ‘³11
172 1169 212 1228 im
227 1178 257 1228 et
272 1177 395 1247 recepta
411 1168 503 1227 etiam
518 1166 603 1247 apud
617 1165 733 1229 Atticos
755 1176 803 1229 ost
822 1168 1062 1249 syneophonesis
1078 1169 1109 1228 in
1125 1157 1146 1252 ἢ
1162 1155 1212 1245 ob',

80 1254 181 1349 μὴ
207 1259 261 1330 od.
286 1262 333 1352 μή
360 1261 503 1348 εἰδέναι,
527 1279 593 1332 tum
616 1272 706 1332 etiarn
730 1271 762 1330 in
783 1263 859 1332 ἐπεὶ
881 1259 930 1331 od.
966 1273 1063 1332 Latini
1093 1290 1215 1352 semper

80 1368 352 1453 8Υιιεερὶιοσεεί
368 1383 514 1452 utuntur,
543 1383 577 1435 ut
592 1372 681 1435 hodie
697 1373 780 1434 ltali:
806 1375 865 1434 nisi
888 1373 1001 1454 quode
1017 1376 1049 1435 in
1063 1376 1212 1456 particula

81 1472 191 1538 Ίῖιι
205 1496 275 1537 vere
299 1478 404 1537 elisam
427 1496 495 1538 esse
518 1486 667 1556 sequente
683 1478 779 1538 voeali
800 1474 947 1538 credibile
970 1488 1026 1538 est.
1060 1478 1157 1538 Etiam
1181 1481 1213 1538 in

80 1574 238 1640 r¹lediis
257 1579 385 1642 vocibus
409 1579 553 1660 frequens
576 1578 661 1661 apud
683 1581 820 1642 scenicos
836 1580 957 1641 Latinos
973 1581 1213 1661 syneophonesis

78 1676 195 1762 θθι,
215 1693 248 1745 ut
263 1702 356 1761 arear,
376 1691 455 1760 tuus,
474 1685 548 1762 ειιιε,
568 1684 670 1744 luitis.

215 1884 305 1970 991.
333 1890 491 1951 Perrarum
508 1899 556 1951 est
571 1889 650 1951 duas
667 1889 777 1951 breves
789 1891 908 1952 vorales
924 1910 980 1971 per
995 1892 1213 1972 syneepbone-
1303 1947 1312 1961 ,

83 1987 176 2053 sin
200 1993 378 2054 coniunctas
408 1994 527 2071 corripi.
569 1991 665 2055 Allert
687 1994 869 2072 liepbaastio
892 1995 1003 2075 aliique
1026 1995 1213 2074 grammatidl

86 2066 277 2158 brennae
294 2114 436 2157 versum:

213 2207 300 2277 ἀλλὰ
315 2208 390 2277 τεὸν
405 2204 529 2278 adnare
544 2210 654 2297 θυμὸν
670 2209 719 2280 ἐνὶ
734 2210 913 2303 στήθεσσιν
929 2212 1079 2281 ἔπειθον.

93 2325 226 2399 Etiam
250 2336 401 2399 Pindarus
423 2338 508 2418 Pyth.
528 2340 550 2399 l.
571 2341 610 2400 56
631 2338 727 2422 (409).
753 2341 935 2420 corripuisse
956 2342 1041 2401 visus
1063 2350 1110 2401 est
1131 2333 1214 2415 θεὸς

91 2440 394 2520 monosyllabum,
422 2438 478 2501 sed
500 2441 584 2503 laiso.
620 2445 822 2505 inveniuntur
843 2443 900 2503 hae
923 2441 1003 2503 duae
1027 2430 1147 2505 vocales
1170 2445 1212 2506 ibi

86 2534 189 2604 sere
213 2543 306 2605 simul
328 2546 557 2624 pronuntiatae,
592 2546 646 2606 ubi
670 2547 777 2624 positio
805 2547 958 2627 syllabam
984 2549 1100 2626 longam
1131 2547 1208 2609 lacit.

86 2641 273 2709 Ceterum
290 2645 450 2728 diligenter
464 2650 495 2708 in
513 2649 569 2709 hoo
585 2658 646 2709 toto
661 2669 772 2729 garrire
790 2647 974 2727 videndum,
998 2650 1073 2729 quid
1089 2651 1212 2729 elegans

86 2752 175 2831 sit,
196 2759 228 2811 et
243 2751 372 2812 auribus
389 2749 576 2813 iucundum:
597 2749 636 2813 de
651 2772 713 2832 qua
729 2772 761 2813 re
778 2752 930 2833 quaedam
946 2750 1065 2814 monuit
1079 2752 1212 2815 Naekius

85 2844 156 2915 in
172 2853 253 2916 libro
269 2851 307 2915 de
324 2853 461 2917 Choerilo
476 2876 507 2936 p.
527 2858 537 2915 l
547 2856 596 2916 47.
617 2874 702 2937 seqq.

151 3095 161 3109 ·
214 3054 308 3141 592.
335 3062 496 3123 Rariorest
506 3058 745 3143 synecphonesis
754 3062 982 3132 litteraeooum
996 3062 1054 3123 alia
1063 3074 1212 3144 sequente
1291 3106 1321 3155 ¹·

102 3165 238 3242 vocali,
259 3165 369 3227 usitata
386 3165 436 3226 illa
450 3165 576 3245 quidem
592 3166 622 3225 in
634 3165 756 3243 dativis,
777 3174 812 3227 ut
822 3158 924 3229 νέκυι.
951 3167 1109 3228 Invenitur
1120 3168 1211 3228 etiam

88 3259 159 3327 iti
178 3254 334 3350 Ἐρινύων
360 3268 445 3349 apud
467 3271 571 3349 Eurip.
598 3270 663 3350 lph.
683 3272 716 3330 T.
738 3270 809 3330 39t.
830 3272 902 3330 970.
926 3269 1031 3348 list„
1057 3271 1089 3330 in
1113 3262 1212 3354 ἡδυσ-

92 3363 212 3448 σμὸς
233 3372 263 3431 in
289 3367 441 3434 Ammiani
463 3373 558 3452 epigr.
579 3373 651 3452 bd,
677 3373 709 3433 in
732 3368 826 3434 δυοῖν
849 3371 934 3451 apud
956 3373 1048 3453 Soph.
1076 3373 1151 3435 Oed.
1173 3376 1207 3436 R.

89 3467 202 3533 fito.
249 3474 436 3554 Suspectum
464 3483 568 3537 autem
596 3469 715 3558 γενύων
741 3475 826 3556 apud
852 3470 938 3538 Pind.
969 3474 1057 3556 Pyth.
1081 3478 1128 3538 lV.
1151 3478 1205 3539 tut

110 3570 231 3660 (225).
258 3576 319 3638 Sed
341 3565 422 3639 doro
440 3570 587 3661 ἐρικυδὲς
602 3589 649 3640 est
664 3580 694 3638 in
710 3580 832 3641 oraoulo
847 3579 931 3660 apud
946 3571 1132 3641 Herodotum
1148 3580 1208 3642 Vll.

104 3674 202 3739 220.
228 3688 259 3740 et
274 3678 357 3741 alios.
391 3679 484 3759 Apud
499 3680 620 3745 latinos
643 3682 763 3762 Douros,
790 3697 895 3744 ιισεεσι
919 3684 1043 3764 saepius
1064 3684 1095 3743 in
1118 3698 1212 3745 unam

110 3779 280 3854 syllabam
296 3784 528 3846 contrahuntur.
564 3787 670 3848 Tenuis
684 3795 787 3847 autem
803 3787 894 3847 etiam
910 3786 1006 3865 epicis
1024 3784 1212 3865 disyllabum

108 3894 307 3964 usurpatur.

214 4090 307 4174 §93
336 4095 430 4174 Negat
451 4108 463 4154 t
484 4096 729 4176 syneephonesin
754 4096 853 4158 lacere
869 4097 1020 4159 Porsonus
1043 4095 1082 4157 od
1097 4090 1208 4156 Phoen.

122 4179 223 4255 ⁴65l.
265 4197 368 4259 Ηεειε.
401 4197 465 4258 Nisi
487 4197 564 4262 forto
588 4200 620 4260 ln
642 4187 831 4280 quibusdam
861 4214 932 4261 eum
956 4192 1013 4262 td
1036 4200 1211 4278 compositis
