2804 4912
168 280 229 344 158
590 301 646 345 ιιι.
662 303 695 344 ιι.
722 301 784 344 car.
799 302 845 345 ιι.

164 451 282 532 ordine,
301 453 415 534 pariter
430 463 465 515 ut
476 454 610 515 trochaei
622 464 653 516 et
663 454 787 536 dactyli.
815 453 859 516 Ac
869 470 982 535 genera
994 470 1125 535 quoque
1138 454 1258 519 numeri

163 557 303 636 paeonici
318 555 427 619 eadem
442 560 667 637 comparatione
682 567 757 620 sunt
771 559 927 641 quinque:

327 694 523 741 va-vw
569 698 682 775 primi
703 716 881 777 paeones.

240 798 448 845 υυυ-ὐυυ-
566 801 706 881 quarti
727 820 914 880 paeones.

325 901 446 948 qu-
565 903 727 982 strophi.

240 1004 373 1051 υυυέ-
563 1004 675 1068 dasii.

271 1107 295 1154 L
320 1107 425 1192 {Loco
563 1110 792 1190 symplccti.
881 1158 885 1165 .

163 1246 225 1310 Sed
255 1265 352 1326 quum
382 1249 504 1309 omnino
535 1249 631 1309 rarior
658 1266 736 1309 usus
766 1257 813 1309 est
842 1248 963 1310 numeri
992 1248 1157 1331 paeonici,
1191 1258 1255 1313 tum
1295 1306 1298 1311 .

160 1352 292 1430 strophi,
313 1350 400 1428 dasii,
420 1351 582 1432 sympleoti
599 1351 624 1410 si
640 1350 764 1430 quando
779 1352 997 1430 inveniuntur,
1023 1370 1088 1414 non
1105 1362 1256 1435 cantuset

161 1455 287 1517 stabiles
310 1455 423 1516 iormas
454 1455 580 1516 habent.
621 1456 779 1516 Praeterea
813 1457 901 1517 utin
924 1455 1087 1535 dactylicis
1112 1458 1255 1521 numeris

160 1568 250 1637 sunt,
269 1559 323 1637 qui
338 1557 501 1619 iambicam
517 1559 683 1619 anacrusin
698 1558 850 1638 habeant,
877 1560 918 1621 ita
934 1561 1025 1621 etiam
1041 1562 1192 1641 paeonici
1205 1562 1254 1625 alii

159 1682 231 1724 cnm
247 1662 395 1739 iambica,
419 1663 469 1722 alii
485 1680 557 1722 oum
572 1663 768 1742 anapaestica
783 1664 927 1723 anacrusi
943 1662 1014 1724 lacti
1029 1672 1120 1725 sunt.
1157 1664 1253 1727 Cata-

159 1767 236 1826 lexis
253 1766 286 1826 srt
308 1766 340 1825 in
363 1765 575 1844 trisyllabum,
602 1767 633 1825 in
657 1764 863 1846 disyllabum,
890 1768 921 1827 in
944 1765 1114 1846 syllabam.
1150 1764 1252 1849 Atque

159 1870 216 1931 hoc
231 1887 355 1948 quoqne
370 1870 401 1929 in
417 1887 528 1949 genere
544 1887 691 1931 versuum
703 1869 814 1949 singuli
828 1867 925 1949 pedes
940 1878 1038 1931 metra
1054 1889 1073 1931 a
1087 1889 1253 1951 gramma-

158 1974 225 2034 ticis
241 1981 401 2035 vocantur.

243 2177 359 2260 §llo
386 2180 624 2242 Vsitatissimum
640 2198 737 2260 genus
751 2179 842 2260 primi
864 2199 998 2262 paeones
1020 2191 1117 2263 sunt,
1149 2184 1251 2247 minut

157 2284 199 2345 illi
223 2285 342 2363 tragicis
365 2302 458 2363 quam
481 2285 602 2346 comicis
625 2285 776 2364 usurpati,
803 2283 887 2364 apud
908 2304 986 2365 quos
1008 2294 1252 2350 tetrameter

157 2387 290 2448 maxime
311 2389 579 2449 catalecticus
603 2389 638 2448 in
661 2386 918 2467 trisyllabum
942 2390 1115 2470 invenitur,
1144 2394 1251 2473 quiex

157 2489 281 2553 duobus
294 2490 453 2554 ordinibus
465 2501 593 2570 constat,
613 2510 772 2553 caesuram
783 2491 901 2552 habens
917 2493 949 2552 in
965 2493 1025 2553 line
1042 2495 1182 2559 secundi
1193 2514 1251 2579 pe-

155 2592 214 2673 dis,
231 2614 310 2674 quae
324 2604 426 2656 tamen
439 2594 594 2656 interdum
607 2595 778 2675 negligitur.
807 2595 938 2657 Vltimus
955 2615 1012 2675 pes
1022 2595 1179 2680 dactylus
1193 2608 1247 2675 est,

95 2686 102 2699 ⁶
154 2698 210 2761 sed
225 2708 352 2779 propter
366 2701 529 2780 ancipitem
546 2717 638 2779 saepe
655 2698 803 2760 Creticus.

241 2823 268 2896 ὦ
291 2828 373 2898 πόλι
396 2829 478 2923 φίλη
502 2831 679 2920 Κέκροπος
701 2826 869 2924 αὐτοφυὲς
889 2827 1036 2923 Ἀττική,

238 2940 343 3026 χαῖρε,
368 2933 512 3022 λιπαρὸν
534 2932 693 3018 δάπεδον,
721 2925 832 3024 οὖθαρ
855 2930 988 3026 ἀγαθῆς
1007 2938 1156 3019 χθονός.
1192 3030 1199 3045 ·

153 3076 228 3142 Vide
245 3076 399 3158 Aristoph.
418 3077 509 3158 Vesp.
532 3078 624 3140 ⁴275.
644 3097 731 3158 seqq.

238 3281 355 3366 5447.
381 3286 471 3359 Quod
486 3287 670 3366 Hephaestio
691 3285 783 3365 dicit,
802 3284 1038 3366 Aristophanem
1062 3288 1096 3348 in
1123 3289 1251 3373 Georgia

153 3390 245 3450 etiam
262 3398 371 3469 quarto
385 3408 502 3468 paeone
518 3407 574 3469 pro
588 3391 688 3469 primo
703 3407 796 3451 usum
812 3407 898 3451 csse:

238 3521 272 3588 ἐν
294 3518 401 3612 ἀγορᾷ
423 3517 454 3588 d’
478 3512 520 3588 αὖ
543 3520 715 3588 πλάτανον
738 3516 774 3589 εὖ
798 3520 1078 3613 διαφυτεύσομιν,

152 3666 182 3726 in
199 3665 343 3727 secundis
357 3664 680 3744 Thesmophoriazusis
696 3674 799 3728 autem
815 3683 907 3744 saepe
923 3665 1014 3726 ctiam
1029 3666 1155 3746 pedem
1170 3672 1249 3735 ere-

153 3770 246 3830 tioum
262 3768 372 3831 mediis
387 3768 531 3831 versibus
554 3768 738 3850 inseruisse,
763 3777 944 3849 argumento
959 3776 1021 3849 est,
1046 3788 1168 3837 versus
1181 3774 1249 3837 illos

150 3891 213 3934 non
235 3875 398 3954 paeonioos
425 3873 539 3953 luisse,
569 3872 625 3934 sed
646 3874 790 3936 Creticos.
832 3874 1047 3954 Quamquam,
1082 3884 1123 3937 ut
1153 3896 1248 3961 supra

151 3975 267 4037 dietum
284 3974 312 4058 §.
335 3978 405 4039 tao.
431 3997 470 4038 ne
492 3978 552 4056 ipsi
576 3976 702 4057 quidem
718 3986 839 4038 veteres
855 3976 963 4038 Graeci
983 3996 1024 4038 cx
1048 3982 1139 4043 omni
1161 3992 1248 4065 parte

153 4079 330 4142 distinxisse
344 4098 511 4141 numerum
525 4080 680 4143 Creticum
695 4090 727 4142 et
740 4081 922 4161 paeonicum
938 4079 1099 4145 videntem.
