2804 4912
647 327 703 368 utu.
724 328 767 368 ΙΙΙ.
795 328 857 368 CAP.
877 327 940 368 XXV.

339 475 458 563 λέκτρα
481 501 517 542 τε
540 473 698 565 Κρήσσας
720 472 883 562 Ἀερόπας
906 471 1000 541 ‹tott-

338 604 380 658 ας
401 576 548 645 δολίοισι
571 576 702 665 γάμοις,
724 575 767 644 τὰ
790 575 985 644 πανύστατα
1008 572 1038 644 δ’

339 679 389 760 εἰς
411 681 469 767 ἐμὲ
492 681 549 748 καὶ
572 679 704 768 γενέταν
726 679 805 766 ἐμὸν
829 674 937 770 ἤλυθε
1043 698 1047 705 ’

426 782 684 852 πολοστόνοισιν
707 781 818 868 δόμων
840 779 1009 872 ἀνάγκαις.

340 994 455 1076 sato.
489 999 626 1076 Magnam
642 1015 714 1057 vero
729 996 941 1058 difficultatem
963 995 1081 1057 habent
1102 992 1353 1080 παρομοιό-

254 1119 433 1186 στροφα,
464 1118 595 1180 quorum
619 1101 695 1160 haec
721 1101 796 1160 ratio
822 1110 884 1178 est,
914 1108 949 1159 ut
971 1098 1134 1178 strophae,
1164 1120 1206 1160 ex
1236 1101 1352 1181 quibus

254 1213 411 1282 constant,
431 1222 492 1263 non
507 1212 588 1264 totae
603 1202 663 1264 sibi
677 1211 867 1282 exaequatae
883 1203 961 1281 sint,
981 1200 1089 1262 sodex
1105 1213 1197 1281 parte
1214 1222 1351 1283 respou-

257 1306 368 1384 deant,
394 1325 433 1366 ex
449 1315 535 1386 parte
552 1325 612 1366 non
628 1292 844 1385 respondeant.
876 1306 916 1366 Et
937 1324 1033 1385 quum
1049 1305 1185 1385 ubique,
1216 1306 1273 1368 ubi
1297 1327 1351 1369 re-

256 1410 436 1490 sponsiones
452 1408 736 1488 animadvertimuS,
762 1392 861 1488 primo
876 1407 1045 1470 debeamus
1061 1407 1100 1468 de
1116 1410 1351 1490 antistrophieis

254 1511 474 1592 investigandis
490 1513 633 1592 cogitare,
660 1530 752 1591 saepe
767 1512 818 1572 vel
832 1510 1006 1592 impeditior
1021 1511 1221 1591 stropharum
1240 1513 1351 1594 dispo-

258 1617 343 1695 sitio,
377 1615 426 1676 vel
451 1616 578 1676 lacunae
604 1633 640 1675 ac
665 1613 813 1693 mendae,
847 1613 961 1693 quibus
988 1615 1077 1692 plena
1103 1625 1180 1676 sunt
1208 1627 1350 1679 veterum

256 1728 417 1799 poetarum
438 1721 568 1798 scripta,
596 1715 735 1778 fraudem
752 1716 852 1777 lacere
867 1726 1012 1798 possunt,
1039 1726 1074 1778 ut
1088 1717 1181 1778 modo
1198 1722 1351 1782 antistro-

255 1822 345 1902 phica
361 1840 428 1883 esse
445 1831 604 1900 putemus,
628 1839 707 1900 quae
723 1820 1009 1900 paromoeostropha
1025 1831 1113 1898 sunt,
1141 1821 1237 1883 modo
1253 1843 1350 1903 paro-

258 1925 469 2004 moeostropba
487 1923 660 2003 videantur,
681 1943 760 2003 quae
776 1925 993 2003 antistropbica
1009 1923 1144 1987 luerunt.

341 2131 365 2211 ξ
388 2128 464 2194 717.
502 2129 546 2191 Ac
570 2151 632 2191 non
658 2149 768 2211 parum
796 2140 887 2210 auget
911 2131 991 2192 hanc
1017 2130 1234 2193 difficultatem
1259 2134 1347 2215 illud,

257 2234 340 2315 quod
363 2235 458 2295 multa
483 2236 616 2295 carmina
639 2234 751 2313 partim
773 2234 1006 2313 antistrophica,
1032 2235 1144 2314 partim
1160 2255 1352 2316 paromoeo-

256 2337 380 2418 stropha
403 2345 493 2415 sunt,
513 2347 547 2399 ut
569 2357 660 2417 saepo
680 2338 787 2397 incerti
810 2337 1008 2416 haereamus,
1034 2346 1155 2418 utrum,
1183 2357 1268 2418 quae
1292 2340 1351 2402 sibi

256 2459 317 2501 non
338 2448 479 2501 accurate
500 2439 703 2520 respondent,
729 2458 784 2520 pro
804 2441 1116 2521 paromoeostrophis,
1143 2461 1183 2503 an
1200 2461 1260 2522 pro
1277 2464 1351 2505 cor-

257 2544 357 2624 ruptis
371 2543 515 2605 habenda
531 2543 601 2604 sint.

342 2746 458 2829 5718.
492 2750 648 2811 Praeterea
671 2750 929 2829 interpellationes
951 2750 1144 2830 stropharum
1165 2753 1197 2812 in
1214 2753 1274 2814 hoc
1289 2774 1349 2834 ge-

257 2872 331 2914 nere
347 2852 524 2933 frequentes
541 2862 628 2931 sunt,
657 2871 736 2931 quae
758 2871 820 2913 non
841 2863 972 2932 possunt
994 2871 1054 2912 non
1077 2853 1349 2933 impeditissimam

258 2956 386 3018 reddere
408 2957 655 3017 constitutionem
680 2955 786 3016 talium
803 2956 990 3017 carminum:
1017 2966 1052 3016 ut
1074 2958 1196 3018 nonsit
1220 2962 1346 3040 mirum,

259 3061 284 3121 si
300 3060 405 3121 multis
421 3061 452 3120 in
469 3059 540 3120 locis
556 3078 616 3120 non
633 3059 836 3136 inveniamuS,
853 3057 936 3138 quod
950 3037 1006 3137 pro
1017 3068 1098 3120 certo
1114 3059 1224 3122 haberi
1242 3073 1346 3142 queat.

343 3265 367 3345 ξ
382 3263 460 3329 719.
479 3267 630 3346 -Denique
652 3267 718 3327 aliis
733 3266 765 3325 in
780 3264 968 3326 carminibus
990 3266 1040 3327 lex
1056 3266 1210 3345 quaedam
1228 3280 1262 3330 et
1276 3271 1351 3332 ordo

258 3369 453 3450 stropharum
469 3370 639 3447 invenitur,
665 3370 697 3429 in
712 3368 779 3428 aliis
795 3376 898 3429 autem
914 3368 1030 3429 nullam
1046 3369 1145 3449 legem
1161 3370 1351 3453 nullumque

259 3472 396 3534 ordinem
412 3465 601 3552 deprehendi
616 3472 695 3549 licet,
720 3473 904 3551 omninoque
920 3480 982 3532 tam
998 3473 1083 3533 varia
1099 3482 1146 3534 est
1161 3493 1350 3553 paromoeo-

260 3576 453 3656 stropborum
478 3577 569 3654 ratio,
595 3585 631 3636 ut
653 3593 776 3654 quoque
798 3576 830 3635 in
852 3575 987 3635 carmine
1010 3586 1041 3636 et
1055 3578 1220 3655 sagacitate
1237 3598 1349 3660 magna

260 3689 291 3740 et
305 3679 457 3759 diligentia
474 3697 552 3759 opus
569 3679 624 3755 sit,
649 3678 691 3755 si,
716 3676 801 3757 quod
815 3676 975 3759 probabile
991 3677 1088 3739 videri
1102 3681 1216 3760 possit,
1240 3701 1350 3743 emere

261 3783 348 3844 velis.

347 3983 468 4066 §72st
506 3988 539 4048 ln
560 3989 875 4071 universumenatura
897 3989 1349 4070 paromoeostrophorum

261 4091 293 4151 in
308 4110 344 4150 eo
359 4100 407 4150 est
421 4091 534 4169 posita,
561 4101 595 4152 ut
609 4092 752 4171 strophae
775 4092 833 4152 sibi
854 4111 915 4152 non
937 4099 1031 4170 totae,
1051 4090 1107 4152 sed
1129 4111 1168 4152 ex
1186 4103 1292 4172 parte,
1321 4105 1352 4155 et

262 4193 387 4272 quidem
417 4192 600 4272 plerumque
623 4205 677 4256 aut
702 4196 794 4255 initiis
821 4203 874 4255 aut
896 4195 980 4255 exitu
1004 4193 1218 4274 respondeant.
1261 4196 1351 4269 Quod
