2804 4912
355 364 390 406 nn
406 363 623 405 conrosrrmar
641 362 827 406 numantinus.
1072 345 1131 406 acl

136 517 239 598 agulis
251 515 438 597 quibusdam
454 516 672 598 comprehendi
684 525 825 596 possunt,
842 535 934 596 quarn
952 534 1047 579 sensu
1057 536 1134 597 per—

136 629 217 698 ntur,
251 619 336 682 unde
363 621 479 682 inlinita
509 621 594 702 copia
624 619 873 681 observationum
902 619 998 698 colligi
1021 627 1129 697 potest.

138 725 219 787 uisse
235 733 339 786 autem
355 732 483 803 oportet,
503 744 596 806 saepc
611 722 691 785 idem
708 741 805 804 genus
824 724 954 801 numeri,
976 731 1066 801 prout
1081 730 1135 784 aut

136 847 149 886 u
165 827 254 889 aliter
269 835 433 906 tractatur,
460 837 514 889 aut
529 828 596 888 aliis
611 827 803 890 consociatur
818 828 972 910 numeris,
997 826 1087 887 aliam
1103 836 1134 887 ct

136 952 140 988 a
155 931 339 992 contrariam
355 941 497 992 naturam
515 929 654 993 inducre.

136 1136 154 1218 ᾗ
169 1134 247 1201 550.
275 1139 475 1200 Tractatio
490 1139 601 1218 partim
618 1140 649 1199 in
665 1137 793 1218 singulis
808 1137 955 1214 numeris,
974 1137 1086 1216 partim
1103 1138 1133 1198 in

136 1261 182 1304 um
196 1260 396 1304 numerorum
408 1243 619 1304 coniunctione
632 1241 777 1303 cernitur.
806 1242 837 1302 ln
854 1239 1030 1320 singulis
1052 1258 1133 1302 nu-

136 1345 167 1406 is
190 1345 364 1407 continetur
385 1346 692 1425 terminatione,
718 1363 817 1425 caque
840 1353 879 1404 ct
907 1343 1032 1405 totius
1055 1362 1133 1405 nu-

136 1449 190 1511 iet
207 1446 464 1511 membrorum
481 1449 565 1510 cius:
585 1458 651 1512 turn
667 1466 939 1510 mensurarum
957 1446 1129 1524 vicibus3

136 1570 179 1630 {uc
195 1551 376 1612 licentiis
393 1569 473 1631 quac
485 1553 600 1614 suntin
617 1569 811 1614 caesurae
827 1549 1128 1629 observatione,

144 1655 323 1716 utationc
352 1673 578 1733 mensurae,
604 1656 635 1715 in
659 1663 966 1735 temperamento
988 1672 1132 1734 proso-

137 1802 142 1816 .
191 1758 224 1817 ln
248 1758 420 1839 plurium
444 1768 548 1821 autem
576 1776 825 1820 numerorum
855 1758 1132 1820 coniunctione

136 1861 183 1921 itio
206 1870 348 1924 vcrsatur
369 1863 400 1923 in
430 1862 678 1942 congruentia
708 1879 923 1940 numerorum,
950 1863 986 1923 in
1010 1878 1128 1940 nexu,

136 1967 370 2046 opertione,
397 1983 477 2046 quac
498 1975 552 2028 aut
582 1963 838 2045 longitudinis
862 1973 924 2047 cst,
951 1973 1005 2027 aut
1031 1983 1131 2048 pon-

136 2087 157 2131 s.

136 2273 245 2357 5551.
273 2278 513 2339 Terminatio
543 2278 664 2340 totius
693 2279 861 2358 numeri,
894 2278 1039 2358 quoniam
1062 2279 1130 2339 linis

136 2382 164 2440 ri
181 2381 343 2459 cariusque,
365 2379 582 2442 resonantibus
599 2381 630 2440 in
645 2400 720 2443 aure
735 2380 926 2462 aliquamdiu
942 2382 1126 2458 novissimis,

136 2503 144 2537 r
165 2484 299 2562 speciem
321 2484 413 2544 totius
436 2485 558 2545 numeri
580 2485 812 2564 perficientibus
835 2486 932 2564 sonis,
958 2484 1130 2547 distinctius

135 2586 244 2667 iusque
257 2585 432 2667 exauditur,
443 2588 608 2667 praecipua
622 2606 695 2649 cura
709 2586 834 2667 indiget.
858 2587 945 2650 Vnde
957 2608 1018 2650 nou
1030 2588 1130 2650 solum

136 2690 273 2752 utissimc
289 2708 433 2752 mensura
450 2690 608 2752 observari
624 2691 717 2769 solct,
742 2689 799 2751 scd
816 2691 946 2753 multum
968 2692 1059 2752 etiarn
1076 2709 1131 2751 rc-

140 2811 234 2872 quarn
257 2792 378 2854 numeri
399 2792 670 2855 conformationem
697 2792 810 2855 habeat
831 2794 1012 2855 terminatio.
1053 2793 1130 2854 Elc-

136 2897 220 2957 asima
236 2905 283 2958 cst
295 2897 478 2976 terminatio,
498 2915 577 2976 quac
594 2897 628 2958 fit
643 2895 749 2958 ordine
765 2896 949 2977 catalectico,
965 2905 1000 2960 ut
1016 2899 1130 2959 remis-

136 3018 157 3058 n
178 3001 248 3060 line.
284 2999 346 3062 Sed
368 3001 399 3060 in
422 3000 582 3062 trochaicis
598 3001 751 3079 numeris,
778 2999 862 3082 quod
881 3018 979 3080 genus
1000 3018 1061 3062 non
1082 3012 1130 3062 cst

136 3121 225 3181 nens,
245 3104 336 3165 etiam
352 3105 538 3166 acatalectus
554 3104 628 3166 ordo
644 3103 810 3166 offensione
826 3113 919 3167 caret.
952 3104 1129 3167 Vehemen-

136 3207 260 3286 actylus
276 3215 337 3268 est:
364 3206 448 3268 unde
464 3209 560 3268 rarior
574 3209 606 3269 in
621 3208 677 3270 hoc
691 3226 821 3270 numero
836 3206 1002 3270 acatalecta
1018 3207 1128 3271 termi-

167 3310 258 3372 lllulto
277 3311 487 3372 vehementior
507 3330 605 3391 paeon
626 3312 761 3393 primus:
787 3329 883 3392 quare
903 3312 952 3373 hic
973 3330 1128 3391 nusquam

136 3430 260 3473 tersum.
293 3416 432 3493 Magnam
449 3401 674 3476 contentionem
691 3417 854 3497 requirunt
868 3413 991 3478 ordinas
1007 3415 1128 3496 hypor-

136 3515 196 3593 cti,
222 3516 261 3576 ob
277 3536 408 3596 eamque
431 3536 572 3589 caussam
589 3517 679 3579 valde
701 3520 760 3580 rari
778 3527 860 3580 sunt.
894 3520 950 3580 Est
966 3520 1057 3581 etium
1075 3519 1127 3581 ubi
1215 3563 1218 3567 -

139 3626 226 3680 ectus
243 3619 326 3699 ordo,
346 3623 491 3700 quoniam
508 3621 560 3701 qui
576 3623 748 3701 praegressi
765 3631 849 3702 suut,
869 3640 1013 3703 magnam
1030 3621 1128 3684 velic-

138 3740 187 3781 am
204 3722 334 3801 habent,
361 3725 506 3785 leniorem
522 3723 656 3802 exitum,
682 3744 775 3805 quam
792 3725 851 3803 illi,
877 3725 946 3786 licet
961 3725 1126 3786 catalectici

141 3824 304 3907 praelicat,
329 3829 453 3889 suavior
468 3836 570 3888 tamen
587 3835 617 3890 et
632 3827 765 3908 mollior,
790 3829 816 3890 si
837 3827 895 3890 alio
912 3826 1001 3890 modo
1018 3829 1127 3889 remit-

157 3936 192 3990 ut
207 3929 237 3990 in
253 3931 317 3992 his:

136 4043 228 4132 ιηόὲν
242 4039 327 4111 ἄλλο
351 4041 516 4136 φυτεύσῃς
537 4042 701 4133 πρότερον
723 4046 875 4135 δένδρεον
898 4041 1047 4134 ἀμπέλω.

136 4148 222 4214 δεῦτε
246 4173 312 4230 aar,
338 4144 440 4238 ἁβραὶ
463 4145 618 4237 Χάριτες,
641 4145 842 4235 καλλίκομοί
863 4174 899 4218 τε
920 4154 1067 4220 Μοῖσαι.
