2804 4912
243 327 292 368 xlv
692 327 862 370 purulento.

244 477 306 543 Vbi
319 496 416 559 quum
430 477 549 559 aliquot
563 475 634 541 libri
651 472 690 563 a}
706 477 869 555 omittant,
887 479 1106 562 corrigendum
1123 482 1252 548 videtur
1265 485 1336 550 sie:

330 687 366 754 τὸ
390 688 526 778 γρᾴδιον
548 685 589 770 δ’,
613 685 659 767 ὡς
678 683 794 779 ᾔσθετ’
818 685 878 756 ἀπ’
902 690 985 777 ἐμοῦ
1006 691 1064 760 τὸν
1084 693 1211 786 ψόφον.

244 908 417 974 Pertineret
431 909 473 973 ad
489 908 548 972 hoe
558 926 659 990 genus
671 906 913 989 quodammodo,
927 911 1011 992 quod
1027 932 1066 977 ex
1074 912 1219 978 Alexidis
1232 914 1338 981 Milite

244 1016 329 1100 apud
344 1016 542 1082 Athenaeum
557 1015 611 1080 VI.
629 1034 662 1098 p.
674 1018 748 1080 223.
766 1015 805 1079 Ε.
823 1017 952 1083 allatum
968 1025 1034 1084 est:

330 1223 494 1315 ἀπόλαβε.
521 1226 615 1295 τουτὶ
637 1221 666 1293 δ’
690 1223 759 1294 ἔστι
782 1225 837 1311 τίς
859 1224 878 1295 ὃ
901 1224 981 1318 παρ’
1003 1227 1096 1316 ὑμῶν
1118 1231 1192 1318 ἐγώ,

244 1447 284 1513 de
299 1468 361 1530 qua
375 1446 491 1532 pedum
507 1444 731 1531 compositione
751 1446 869 1511 dietum
892 1453 941 1512 est
962 1449 980 1532 ᾗ
999 1453 1070 1513 157.
1103 1449 1218 1515 Verum
1235 1450 1271 1517 id
1285 1453 1337 1517 sio

244 1554 474 1620 emendandum
490 1561 583 1638 puto:

654 1769 703 1832 A.
727 1761 881 1853 ἆπίλαβο

329 1873 432 1942 ποσσί.
477 1881 516 1941 Β.
543 1871 578 1940 σι’
599 1880 699 1940 τοῦτο
722 1868 751 1938 δ’
775 1870 873 1941 ἔστιν.
921 1877 970 1941 A.
994 1870 1012 1940 ὃ
1037 1871 1116 1963 παρ’
1144 1873 1238 1961 ὑμῶν
1267 1876 1336 1964 ἐγω

329 1980 513 2071 παιδάριον
536 1979 666 2067 ἔλαβον,
692 1974 875 2071 ἀποφέρων
896 1979 964 2072 ἥκω
988 1977 1099 2049 πάλιν.
1160 2049 1163 2056 ,

329 2199 469 2264 Accedat
480 2199 529 2264 his
540 2199 634 2282 plane
645 2200 727 2265 alius
738 2199 863 2283 generis
874 2200 1063 2267 observatio.
1084 2202 1122 2266 In
1135 2202 1174 2267 iis
1182 2203 1339 2281 retribue„

243 2326 323 2390 quae
335 2327 391 2391 per
403 2306 654 2392 syneophonesin
665 2308 858 2384 coalescunt,
875 2306 1040 2390 dequibus
1053 2309 1171 2374 diotnrn
1186 2316 1235 2375 est
1245 2311 1330 2394 teo.

243 2415 431 2482 (lasaulrono
453 2414 496 2479 ad
517 2414 631 2479 Athen.
651 2415 693 2479 Π.
715 2418 765 2479 14.
792 2433 863 2480 esse
884 2415 1050 2481 videbatur
1075 2412 1121 2504 μὴ
1150 2412 1273 2502 ὥραισι
1296 2419 1333 2483 in

243 2522 419 2606 fragmento
434 2522 594 2599 Alexidis,
619 2521 703 2604 quod
718 2521 899 2588 Athenaeus
922 2524 1061 2590 servavit
1074 2544 1107 2608 p.
1126 2530 1178 2590 55.
1196 2526 1232 2591 O.
1250 2525 1332 2592 Eius

243 2629 396 2695 formulae
418 2630 588 2712 genuinam
611 2629 798 2713 scripturam
816 2635 964 2696 testatam
986 2630 1139 2697 habemus
1153 2633 1195 2697 ab
1208 2632 1332 2698 Ioanne

242 2737 456 2802 Alexandrino
468 2737 500 2802 in
516 2737 662 2812 τονικοῖς
677 2734 949 2822 παραγγέλμασιν
963 2760 996 2822 p.
1009 2743 1061 2819 35,
1073 2742 1126 2804 32.
1151 2733 1191 2802 τὸ
1206 2733 1329 2823 ὥρασι,

241 2841 285 2932 μὴ
308 2839 433 2928 ὥρασιν
449 2843 552 2923 ἵκοιο,
577 2839 867 2928 προπαροξύνεται
881 2841 942 2928 μὲν
958 2840 1101 2931 εὐλόγως
1117 2842 1210 2930 παρὰ
1223 2849 1331 2931 βαρο-

241 2947 338 3015 τόνσυ
355 2955 415 3016 τοῦ
431 2948 512 3037 ὥρα,
530 2944 590 3015 οὔκ
606 2944 674 3032 ἔχει
690 2947 727 3015 δὲ
742 2948 1030 3036 προϋποκείμενσν
1044 2948 1083 3016 τὸ
1102 2956 1172 3018 θεν.
1204 2953 1331 3020 Aristu-

242 3058 357 3141 phanis
372 3079 481 3126 versus
498 3058 619 3125 suntin
634 3059 813 3144 Lysistrata
827 3063 901 3125 391.
922 3063 1015 3124 1037.

329 3268 418 3357 ἔλεγε
441 3266 470 3337 δ’
495 3269 512 3337 ὁ
535 3271 579 3362 μὴ
604 3269 726 3358 ὥραισι
747 3271 808 3359 μὲν
828 3272 1078 3364 Δημόστρατος,

328 3372 414 3444 ἀλλὰ
435 3377 480 3468 μή
502 3377 591 3465 ὥρας
614 3373 753 3458 ἵκοισθ’,
779 3376 824 3459 ὡς
846 3380 921 3448 ἐστὲ
942 3380 1098 3448 θωπικαὶ
1122 3379 1231 3470 φύσει.

242 3595 391 3662 Formula
405 3595 476 3680 ipsa
491 3616 553 3662 non
569 3602 618 3663 est
632 3596 668 3662 in
680 3598 900 3682 apertissimis.
925 3597 1081 3663 Dixerunt
1096 3598 1136 3663 de
1151 3617 1189 3663 ea
1203 3606 1330 3682 praeter

241 3705 463 3770 Oasaubonum
478 3706 501 3770 l.
519 3726 547 3770 σ.
566 3712 597 3771 et
611 3705 645 3771 in
659 3707 760 3772 Leott.
778 3706 911 3772 Theoer.
930 3710 1023 3770 ο.16.
1041 3726 1073 3789 p.
1086 3709 1160 3770 273.
1178 3726 1209 3769 a.
1227 3707 1329 3771 Hein-

241 3813 307 3876 sius
322 3811 356 3876 in
370 3811 471 3876 Leott.
485 3811 618 3878 Theoer.
637 3834 665 3880 e.
683 3817 732 3879 13.
751 3834 784 3898 p.
800 3818 873 3880 341.
891 3813 1077 3896 interpretes
1092 3812 1326 3897 Aristophanis,

242 3926 274 3985 et
288 3919 473 3984 nominatim
488 3920 674 4002 Berglerus‚
691 3922 734 3986 ad
748 3922 825 4006 Lys.
845 3924 918 3986 331.
937 3920 1122 4005 interpretes
1137 3921 1269 3986 Luoiani
1285 3923 1324 3986 Τ.

241 4027 267 4090 I.
286 4048 318 4110 p.
337 4029 410 4090 218.
437 4047 504 4109 seq.
522 4027 561 4091 Τ.
579 4027 622 4092 Π.
649 4049 681 4111 p.
701 4029 832 4093 2711.Τ.
850 4028 910 4091 ΠΙ.
936 4048 968 4110 p.
988 4031 1061 4092 307.
1097 4028 1328 4094 Valckenarius

242 4133 286 4201 ad
301 4133 455 4201 Adoniaz.
473 4154 506 4218 p.
518 4137 592 4198 3711.
625 4136 774 4202 Reiskius
789 4141 821 4201 et
835 4134 953 4200 Goraes
968 4135 1010 4200 ad
1025 4135 1186 4200 Plutaroh.
1196 4134 1328 4200 'Phemi-
