2804 4912
157 296 219 357 214
554 314 610 355 rie.
631 314 675 356 ur.
702 313 764 354 aar.
783 312 841 354 xm.

157 469 298 529 Horatius
314 477 438 530 strenue
460 469 492 526 iu
514 467 620 545 primis
643 464 765 525 duobus
783 465 925 526 versibus
948 483 1113 527 caesuram
1137 465 1253 528 abser-

157 573 242 632 vavit
251 619 258 650 ,
286 589 398 632 curans
413 570 463 630 illc
479 570 587 648 etiam,
614 578 649 630 ut
663 588 699 628 ea
714 587 838 648 semper
856 569 887 628 in
902 568 991 648 longa
1007 569 1135 655 syllaba
1152 572 1249 632 fieret.

158 677 237 735 Raro
252 676 283 734 in
299 693 372 734 vooe
387 674 554 753 composita
571 673 713 751 migravit
728 690 905 732 caesuram:

243 795 345 856 hostile
362 800 502 854 aratrum
519 794 675 854 eae-citas
691 793 831 853 insoleus.

158 934 186 975 v.
206 917 228 974 l.
251 917 300 992 to,
321 916 371 974 tl.
393 914 443 992 37,
465 917 493 974 ὅ.
519 914 553 973 ll.
576 913 625 991 u,
646 912 718 988 at.;
745 913 841 974 semel
857 913 889 972 in
905 931 967 973 non
982 915 1177 994 composita,
1204 917 1251 977 lV.

159 1020 209 1097 tt,
232 1019 280 1078 tr.

156 1181 159 1186 ·
242 1137 420 1218 spectandus
436 1139 466 1199 in
483 1138 643 1198 certamine
658 1138 789 1197 Martia:

158 1257 517 1337 etlortassel.37,li.
564 1279 566 1285 ’

243 1386 424 1459 mentemque
440 1377 622 1458 lymphatam
641 1379 813 1438 Mareotico.

157 1500 217 1558 nisi
234 1519 253 1558 a
270 1500 430 1559 Mareotico
445 1498 575 1575 scripsit.

241 1718 364 1800 5588.
405 1720 489 1782 ldem
513 1722 604 1781 etiam
632 1722 662 1780 in
689 1722 777 1780 tertio
804 1741 897 1783 versu
924 1724 1067 1802 quintam
1096 1725 1254 1803 syllabam

157 1833 332 1886 constanter
353 1826 474 1904 longam
491 1825 641 1901 servavit,
667 1824 852 1904 plerumque
867 1827 899 1885 in
922 1836 1010 1886 sexta
1025 1825 1125 1889 buius
1142 1848 1256 1890 versus

155 1929 288 2006 syllaba,
308 1928 407 1989 autin
423 1929 553 2007 septima
569 1927 717 2005 incidam,
739 1938 775 1988 ut

241 2050 380 2129 deprome
396 2049 589 2129 quadrimum
604 2085 625 2093 -
641 2047 768 2123 Sabina,

241 2151 324 2213 sedes
339 2148 553 2233 Atlanteusque
570 2187 591 2196 -
604 2152 684 2231 fiam,

155 2270 316 2351 sedsaepe
333 2280 434 2332 tamen
451 2273 541 2332 etiam
558 2273 589 2332 in
605 2273 672 2350 ipso
687 2269 802 2332 ordinis
818 2273 927 2351 prioris
943 2273 1014 2352 fine,
1040 2283 1080 2335 ut

243 2391 471 2472 depraedantes,
490 2428 509 2479 '.
526 2412 580 2453 uec
596 2393 731 2472 cupressi
739 2413 748 2463 ;

153 2532 232 2590 raro,
255 2512 327 2591 quia
341 2511 449 2573 durius
464 2513 521 2572 hoc
536 2521 591 2590 est,
608 2513 638 2571 in
655 2520 763 2591 quarta
780 2511 897 2592 syllaba
918 2514 1048 2575 verbum
1066 2515 1198 2598 liniens,
1221 2530 1255 2580 ut

241 2632 318 2692 lunc
333 2631 438 2693 Lesbio
454 2668 474 2676 —
490 2650 617 2693 sacrare
631 2632 757 2712 plectro.

155 2753 216 2814 Sed
231 2754 287 2813 bac
302 2750 428 2832 quidem
444 2772 461 2812 a
478 2754 592 2812 Graeco
608 2751 760 2814 vocabulo
775 2755 1005 2814 excusationem
1021 2755 1131 2819 habet.
1163 2762 1253 2834 Quo-

154 2875 223 2917 rum
241 2856 315 2916 nibil
330 2857 449 2917 curavit
463 2853 611 2916 Alcaeus:
632 2865 667 2915 ut

239 2968 402 3054 ὦΒύκχι,
426 2968 604 3062 φάρμακον
629 2965 658 3037 δ’
682 2962 827 3058 ἄριστον.

237 3074 409 3161 pel-typar·
433 3069 538 3160 αὐτὰρ
562 3069 651 3165 ἀμφὶ
673 3071 789 3164 κόρσᾳ.

239 3299 355 3382 5589.
391 3298 563 3363 Anacrusin
581 3303 721 3364 Horatius
744 3305 777 3363 in
797 3304 897 3365 tribus
921 3306 1078 3385 prioribus
1101 3312 1253 3374 versibus

154 3408 216 3468 lere
231 3424 355 3484 semper
369 3405 488 3484 longam
506 3406 615 3483 habet;
635 3425 704 3468 raro
720 3416 823 3468 autmn
840 3406 977 3487 brevem,
997 3410 1081 3471 utin
1098 3411 1185 3474 boa:

237 3527 335 3600 m'des,
353 3534 388 3588 ut
402 3527 469 3588 alta
483 3533 540 3588 stet
553 3528 622 3588 nive
638 3527 814 3589 candidum.

238 3650 314 3710 puer
329 3630 397 3710 qrrr's
413 3649 456 3691 ecc
472 3628 545 3689 aula
560 3630 678 3710 capillis

152 3752 173 3810 l.
195 3752 245 3828 99,
267 3750 296 3811 7.
317 3749 356 3811 de
371 3768 433 3828 quo
449 3768 543 3810 versu
558 3767 685 3827 prorsus
703 3752 777 3812 mira
794 3751 963 3830 disputavit
984 3755 1031 3812 Fr.
1052 3755 1254 3820 Lindeman-

151 3871 211 3913 uus
233 3854 263 3912 iu
279 3852 492 3913 Friedemanui
512 3853 636 3914 Miscell.
657 3855 722 3914 crit.
743 3855 790 3915 IV.
810 3876 841 3935 p.
863 3857 935 3916 7t3.
970 3853 1105 3920 Alcaeus
1121 3871 1157 3924 et
1172 3883 1255 3925 aua-

155 3957 258 4016 crusiu
275 3957 464 4035 saepissime,
484 3966 514 4017 et
529 3958 668 4036 quintam
684 3957 837 4038 syllabam
855 3958 980 4019 brevem
996 3963 1120 4039 posuit:

238 4068 459 4159 προκόψομες
482 4070 542 4161 γὰρ
566 4067 662 4139 οὐδὲν
685 4067 857 4157 ἀσάμενοι.
