2804 4912
155 309 218 370 m
553 325 841 368 mmmm

239 478 354 560 §582
389 479 488 559 Aliae,
515 498 613 559 eaque
635 479 881 558 frequentissima
899 479 975 538 ratio
991 477 1093 539 luisse
1111 477 1244 556 videtur,

153 605 192 646 ex
208 584 366 664 quaternis
382 582 539 661 versibuS,
566 601 698 662 quorum
714 591 768 644 aut
790 591 851 642 tres
873 590 927 642 aut
943 579 1006 642 duo
1022 579 1137 642 eodem
1154 574 1259 641 metro¹

153 698 266 767 essent,
286 685 558 766 componebantur,
576 695 612 746 ut
627 685 718 747 haec:
794 749 797 754 ,

241 808 382 870 scriberis
400 808 490 868 Vario
506 805 595 885 sortis
610 815 638 868 et
652 807 779 869 hostium

239 914 334 973 victor·
349 911 482 972 Maeonii
495 911 640 971 carminis
655 909 736 986 alite,

239 1034 330 1095 quom
345 1033 409 1075 rem
425 1032 550 1095 comque
565 1012 659 1092 feroce
673 1012 801 1074 liovibus
818 1020 871 1073 out
885 1011 970 1093 equis

283 1117 366 1180 miles
382 1125 408 1178 te
424 1117 497 1178 dirce
512 1117 646 1197 pessel-tt.

152 1230 205 1291 Vel

238 1342 303 1421 quis
318 1341 414 1401 miella
429 1341 555 1423 procliis
573 1349 600 1402 te
612 1358 692 1421 puer
707 1341 738 1400 in
752 1359 824 1401 roso

235 1442 384 1524 perfusus
400 1444 522 1524 liquidis
537 1452 646 1526 uryoet
660 1443 800 1504 odoribus

280 1551 377 1627 proto,
398 1547 525 1627 Pyrrho,
544 1545 601 1608 sub
617 1548 727 1609 antro?

324 1650 375 1709 coi
386 1649 500 1728 [ἱαυαηι
515 1652 628 1731 relipas
642 1650 783 1710 comam?

238 1853 358 1937 5583.
397 1857 442 1916 Ex
469 1842 618 1934 histros,
647 1874 727 1935 quae
750 1856 884 1915 maxime
911 1857 1138 1920 memorabiles
1164 1869 1249 1938 suut,

153 1958 471 2022 commemorabimus.
520 1961 634 2026 Primo,
653 1959 892 2038 Sapphioam
927 1960 1111 2040 stropham,
1157 1981 1251 2042 quam

155 2064 278 2144 Sappho
293 2065 333 2123 ita
350 2064 531 2143 composuit,
550 2070 586 2124 ut
601 2062 673 2123 huic
687 2063 806 2123 versui:

237 2168 504 2220 Δυ.ῦ.ὐα.υ-ῦ
648 2238 652 2247 Ι

154 2288 199 2337 ter
219 2260 345 2357 repetito
367 2277 551 2339 adiiceretur
565 2276 712 2338 Adonius
746 2275 790 2337 hc
806 2277 930 2356 Sappho
946 2286 1028 2338 recte
1053 2298 1161 2358 quum
1178 2300 1253 2344 cae-

153 2398 239 2459 sura,
267 2382 292 2440 si
315 2400 376 2460 qua
397 2400 475 2461 opus
496 2381 595 2441 estin
617 2388 679 2441 tam
695 2379 782 2440 brevi
798 2399 908 2456 versu,
936 2382 965 2439 in
989 2392 1106 2460 quarta
1131 2386 1252 2465 syllaba

152 2482 292 2544 iacienda
308 2494 405 2562 esset,
432 2493 463 2545 et
478 2482 549 2545 iecit
564 2483 642 2544 hano
657 2501 832 2561 caesuram,
851 2492 882 2543 et
897 2482 1047 2563 neglexit,
1068 2487 1253 2566 syllabam-

155 2606 216 2665 que
232 2588 329 2668 ipsam
347 2605 436 2667 passa
453 2595 500 2647 est
515 2586 678 2664 ancipitem
694 2605 779 2647 esse:

239 2689 472 2781 nooxtliipov'
496 2687 640 2760 ἀθάνατ’
663 2689 857 2783 Ἀφροδίτα,

239 2801 305 2863 παῖ
326 2797 412 2876 Διὸς
434 2792 630 2877 δολόπλοκε,
654 2793 817 2880 λίσσομαί
839 2819 886 2877 σε,

237 2897 282 2989 μή
304 2894 338 2985 μ’
362 2893 490 2981 ἄσαισι,
512 2893 589 2986 μηδ’
612 2894 741 2966 ἀνίαισι
761 2896 882 2983 δάμνα,

281 2999 415 3083 πότνια,
438 2995 559 3086 θυμόν.

153 3129 289 3207 Eiusque
315 3128 492 3207 exemplum
518 3136 644 3187 secutus
671 3137 718 3187 est
740 3128 890 3188 Catullus.
928 3125 1065 3206 Eadem,
1097 3133 1128 3192 si
1156 3133 1251 3194 verba

154 3230 284 3291 duorum
302 3249 449 3292 versuum
466 3231 579 3291 arctius
595 3230 809 3304 cohaererent,
837 3249 898 3289 non
913 3228 1071 3293 dubitavit
1085 3234 1249 3299 elisionem

154 3335 183 3393 in
200 3335 260 3395 fine
276 3333 388 3412 lacere,
413 3341 444 3394 et
464 3334 587 3394 tertium
610 3328 818 3412 quartumque
835 3352 959 3410 versum
975 3332 1079 3395 diviso
1095 3339 1249 3402 vocabulo

152 3446 283 3516 nectere,
304 3447 355 3498 ut:

239 3549 324 3620 ἀλλὰ
346 3551 414 3637 κὰμ
435 3551 495 3636 μὲν
517 3554 650 3641 γλῶσσα
673 3549 760 3641 ἔαγε,
784 3550 906 3618 λεπτὸν
928 3547 958 3619 δ’

239 3653 360 3722 αὐτίκα
381 3662 450 3744 χρῶ
472 3660 539 3743 πῦρ
561 3653 845 3742 ὑποδεόρόμακεν,
914 3665 922 3675 ”

240 3755 431 3826 ὀππάτεσσι
453 3753 482 3825 δ’
506 3754 602 3824 οὐδὲν
624 3753 730 3848 ὅρημ’,
753 3757 913 3847 antipop-

280 3869 377 3948 βεῦσι
399 3856 429 3927 δ’
453 3855 585 3929 &novae

153 3989 323 4066 Vtrumque
340 3987 411 4048 lecit
425 3989 516 4048 etiam
534 3988 685 4064 Horatius,
706 3996 740 4047 ut
755 3989 789 4046 ll.
810 3989 840 4065 9,
859 3988 907 4046 t7.
930 3989 980 4066 l6,
997 3990 1049 4050 3l.
1075 3991 1127 4054 lV.
1146 3996 1177 4073 9,
1194 3994 1241 4054 99.

152 4101 181 4151 et
204 4091 347 4168 Ι.9,19.
375 4091 425 4169 95,
448 4093 495 4151 ll.
531 4092 565 4151 ll.
589 4095 638 4167 to,
659 4093 687 4149 7.
722 4090 769 4148 lll.
789 4090 841 4168 97,
861 4091 911 4149 96.
945 4091 992 4150 lV.
1014 4093 1044 4168 9,
1067 4093 1121 4155 93.
1150 4116 1241 4159 carm.

153 4215 231 4256 saec.
254 4196 303 4256 l7.
