2804 4912
249 293 291 355 20
672 312 728 355 tre.
748 311 768 354 r.
795 312 857 354 cir.
876 313 904 354 r.

249 465 326 526 Nam
342 466 372 525 in
388 465 547 545 dactylicis
568 466 674 526 aliisve
690 465 851 526 ordinibus
873 465 973 526 thesin
988 464 1124 544 plurium
1140 465 1336 543 syllabarum

249 569 434 630 habentibus
456 587 583 648 prorsus
603 567 805 650 impediretur
827 567 977 629 decursus
996 568 1117 629 numeri
1140 567 1335 629 admittenda

249 672 368 753 syllaba
385 674 519 752 ancipiti.

334 878 358 960 ξ
372 876 427 942 71.
461 880 494 939 ln
516 877 619 941 medio
635 897 746 958 versu,
768 877 822 940 sed
841 879 871 940 in
887 879 947 939 linc
963 886 1083 939 tantum
1098 877 1240 939 vocabuli
1256 879 1338 940 arsis

247 982 472 1062 dactylicarum
499 981 660 1062 ordinum,
690 991 721 1043 et
746 982 840 1043 thesis
866 980 1031 1061 spondiaoa
1059 983 1159 1061 quarti
1185 980 1276 1060 pedis
1304 983 1339 1041 in

249 1105 343 1147 versu
359 1086 478 1147 heroico
493 1085 643 1166 syllabam
660 1086 824 1164 ancipitem
840 1086 1000 1166 recipiunt.

336 1182 495 1268 ἐκπέρσαι
510 1183 684 1273 Πριάμοιο
700 1180 810 1266 πόλιν,
827 1174 862 1249 εὖ
878 1178 907 1249 d'
922 1177 1029 1250 οἴκαδ’
1046 1178 1193 1250 ἱκέσθαι.

334 1293 375 1376 τῇ
390 1281 419 1352 d'
436 1283 495 1353 ἔπι
509 1285 570 1372 μὲν
585 1285 700 1376 Γοργώ
714 1287 928 1375 βλοσυρῶπις
943 1281 1164 1378 ἐστεφάνωτο.

249 1395 288 1455 Ει
302 1395 380 1455 arsis
395 1394 520 1475 quidem
538 1395 588 1456 illa
604 1404 671 1456 turn
686 1404 811 1475 propter
826 1395 888 1456 vim
905 1414 1004 1474 suam,
1020 1403 1088 1456 tum
1102 1404 1227 1475 propter
1240 1395 1339 1457 finem

250 1499 387 1577 numeri,
408 1499 507 1577 quiin
523 1499 590 1578 ipso
605 1498 701 1559 verbo
716 1498 812 1574 inest3
838 1498 933 1559 thesis
949 1507 1052 1559 autem
1068 1505 1193 1579 propter
1207 1485 1338 1578 gravem

249 1620 408 1663 caesuram
431 1621 466 1662 eo
488 1603 521 1661 in
547 1601 630 1680 loco,
660 1601 785 1662 finiente
811 1601 903 1663 simul
929 1609 961 1662 et
985 1602 1110 1662 metrico
1135 1609 1166 1661 et
1190 1602 1338 1664 vocabuli

250 1723 388 1766 numero.
429 1705 462 1764 ln
490 1704 649 1766 trochaicis
676 1705 813 1765 numeris
839 1705 917 1765 arsis
939 1723 1000 1765 non
1026 1702 1160 1765 admittit
1181 1705 1338 1780 syllabam

250 1809 423 1890 ancipitem,
442 1817 508 1869 tum
524 1807 608 1886 quod
625 1806 755 1869 debilior
768 1816 825 1887 est,
845 1817 911 1870 tum
927 1807 1011 1887 quod
1027 1808 1082 1868 hos
1097 1826 1254 1888 numeros,
1281 1810 1339 1888 qui

249 1912 416 1972 solutiones
432 1910 545 1971 multas
561 1911 722 1991 recipiunt,
741 1910 904 1990 impeditos
920 1910 1078 1973 redditura
1094 1920 1196 1994 essct„

336 2113 429 2198 572.
465 2119 543 2177 Raro
558 2118 708 2178 llomerus
730 2119 821 2178 etiam
841 2118 941 2179 thesin
957 2116 1153 2198 spondiacam
1176 2119 1206 2177 in
1224 2117 1339 2181 mediis

250 2221 379 2282 vocibus
395 2221 558 2300 ancipitem
574 2239 642 2282 esse
657 2239 771 2301 passus
786 2229 843 2283 est.
873 2221 917 2281 De
934 2239 993 2300 qua
1011 2239 1043 2280 re
1058 2222 1089 2280 in
1107 2240 1198 2282 versu
1214 2221 1340 2283 heroico

251 2323 437 2387 videbimus.

337 2527 429 2611 §73
464 2530 589 2610 Syllaba
605 2549 735 2611 anceps,
761 2547 841 2609 quae
856 2548 912 2609 per
925 2530 1046 2590 numeri
1062 2530 1160 2609 legem
1175 2549 1231 2610 pro
1247 2529 1342 2595 brevi

251 2633 394 2696 habenda
410 2644 466 2713 est,
482 2654 544 2695 non
558 2643 660 2714 potest
674 2634 706 2693 in
721 2632 800 2694 duas
816 2632 927 2694 breves
943 2633 1029 2713 solvi,
1045 2634 1117 2713 quia
1133 2651 1231 2712 quum
1248 2635 1340 2716 longa

251 2750 312 2819 est,
338 2757 399 2799 non
416 2747 463 2799 est
479 2757 518 2798 cx
532 2737 653 2797 numeri
669 2737 734 2816 lege
750 2736 856 2815 longa,
883 2735 938 2797 sed
959 2755 1015 2814 pro
1030 2735 1117 2797 brevi
1133 2747 1336 2799 numeratur:

251 2863 323 2904 nam
339 2850 505 2922 repugnat,
531 2841 670 2920 longam,
697 2859 777 2920 quae
792 2858 853 2899 non
869 2840 910 2900 sit
924 2839 1030 2918 longae
1046 2839 1124 2919 loco,
1144 2859 1251 2919 parem
1267 2859 1341 2903 esse

252 2945 376 3008 duabus
391 2944 552 3009 brevibus.

699 3242 812 3313 cAP.
831 3243 885 3312 Χ.
914 3231 918 3241 ’

590 3391 990 3487 Deprosodia.
1060 3455 1071 3479 ,

338 3562 438 3647 ξ74.
475 3566 531 3625 Per
551 3563 726 3646 prosodiam
749 3565 874 3625 metrico
896 3580 1025 3623 numero
1046 3563 1168 3622 numeri
1190 3563 1341 3627 orationis

253 3680 398 3751 aptantur
412 3667 686 3731 commoditate
702 3668 832 3746 metri,
852 3676 1019 3727 accentu
1034 3664 1336 3749 vocabulorum,

253 3774 358 3836 vocis
379 3772 620 3851 intensione,
645 3771 984 3852 interpunctione.

338 3977 431 4062 575.
464 3980 574 4042 Metri
595 3977 851 4040 commoditas
871 3976 969 4056 posita
985 3977 1077 4037 estin
1097 3974 1338 4056 productio-

252 4080 1127 4164 nibusetcorreptionibusproptermetrum‚
1153 4071 1364 4162 inhiatu,‘

254 4189 291 4248 in
308 4189 501 4267 elisione,
519 4189 558 4247 in
574 4187 695 4264 crasi,
715 4186 753 4244 in
769 4184 961 4263 synizesi.
