2804 4912
588 312 626 357 nr
641 313 807 359 ommium.
1223 296 1242 357 9

155 467 323 547 dupliciter
337 467 463 548 intelligi
477 486 578 547 posse.
609 467 685 527 Nam
701 474 755 528 aut
769 464 844 527 ordo
859 465 1031 545 periodicas
1047 478 1094 529 est
1108 487 1147 529 ex
1162 486 1241 528 cou-

155 571 251 631 cretis
269 571 415 648 numeris,

247 671 317 719 ,ζυ-

301 773 395 820 Lw.

376 875 486 954 va,

154 982 190 1042 in
218 999 279 1060 quo
302 982 392 1059 primi
415 981 477 1043 duo
503 981 625 1042 ordines
649 982 726 1043 ultra
753 981 854 1042 thesin
875 996 962 1042 suam
989 981 1237 1061 progrediuntur,

152 1094 212 1146 aut
239 1085 424 1164 compositus
452 1095 500 1147 εει
526 1104 564 1145 ex
591 1085 750 1147 ordinibus
777 1083 986 1164 simplicibus,
1019 1086 1072 1164 qui
1099 1103 1159 1145 nou
1185 1104 1241 1145 co-

153 1189 297 1265 haerent,

133 1264 135 1270 ¹
245 1288 303 1369 ἐν,
329 1287 412 1367 Lw’
438 1287 547 1351 Low,

244 1495 268 1575 ᾗ
283 1492 337 1560 23.
372 1497 520 1575 Tempora
536 1496 697 1574 ordinum,
724 1516 804 1576 quae
820 1497 851 1557 in
867 1496 945 1558 thesi
961 1481 1044 1576 sunt,
1064 1499 1164 1559 omnia
1181 1516 1241 1559 nc-

153 1619 243 1662 cessc
265 1610 312 1660 est
326 1600 465 1678 aequalia
484 1619 568 1677 csse,
595 1601 667 1680 quia
690 1601 800 1660 seriem
816 1609 1047 1681 repraesentant
1062 1620 1240 1663 caussarum

153 1713 252 1783 atque
268 1702 433 1764 effectuum
449 1704 534 1764 nulla
551 1704 648 1764 aliena
666 1704 838 1764 accessione
853 1703 1065 1781 interruptam.

244 1909 268 1989 ᾗ
284 1905 338 1973 24.
371 1908 488 1972 Eadem
504 1919 551 1972 cst
565 1929 748 1973 anacruscos
763 1920 936 1990 temporum
952 1911 1044 1989 ratio,
1068 1909 1152 1990 quod
1167 1910 1242 1972 haec

84 2035 88 2043 ·
155 2013 233 2074 nihil
250 2032 267 2072 a
283 2013 362 2073 thesi
377 2011 488 2091 differt,
511 2014 570 2076 nisi
585 2013 668 2094 quod
683 2015 765 2076 arsin
780 2022 851 2076 ante
866 2032 900 2074 se
916 2014 1032 2074 nullam
1048 2012 1151 2075 habet.

243 2219 267 2299 ὁ
283 2215 337 2283 25.
371 2220 461 2293 Quod
483 2221 514 2281 iu
530 2222 591 2282 arsi
606 2230 654 2283 est
668 2230 807 2301 tempus,
834 2240 893 2281 non
917 2229 1017 2301 potest
1031 2219 1157 2282 brevius
1173 2239 1241 2282 esse

160 2322 350 2402 temporibus
366 2342 566 2404 anacruscos,
593 2327 664 2405 quia
688 2326 765 2387 arsis
781 2325 942 2386 anacrusin
959 2342 1093 2403 sequens
1107 2342 1179 2404 pars
1195 2333 1242 2386 ost

154 2427 248 2488 seriei
263 2427 340 2506 eius,
360 2428 448 2489 cuius
464 2429 555 2490 etiam
571 2430 728 2491 anacrusis
744 2447 815 2510 pars
831 2436 887 2489 est.
914 2429 1019 2506 ltaque
1034 2446 1150 2508 pravus
1166 2427 1244 2489 foret

154 2531 208 2592 hio
222 2549 382 2610 numerus,

248 2635 295 2678 ‚c

154 2737 233 2798 iusti
248 2746 350 2798 autem
367 2745 440 2799 sunt
456 2736 496 2815 bi,

244 3043 337 3126 §26
369 3048 435 3108 Non
457 3049 553 3128 magis
574 3048 694 3109 theticis
716 3046 905 3128 temporibus
929 3045 1052 3106 brevior
1074 3065 1141 3108 esse
1164 3049 1240 3109 arsis

156 3160 268 3232 potest.
296 3151 446 3222 Quoniam
458 3152 539 3212 enim
553 3169 661 3213 caussa
677 3159 724 3212 cst
739 3152 847 3212 horum
864 3159 1047 3229 temporum,
1064 3168 1125 3211 non
1140 3160 1241 3232 potest
1323 3124 1369 3227 ³(

154 3256 259 3316 minor
274 3273 342 3315 esse
358 3254 482 3316 effectis.
510 3257 610 3328 Quare
625 3272 741 3335 pravus
757 3263 803 3315 est
818 3254 867 3314 hic
882 3272 1040 3332 numerus,

245 3360 293 3402 ψ-

154 3471 240 3522 recte
257 3481 290 3523 se
306 3461 423 3522 habent
437 3461 478 3538 hi,

244 3767 337 3851 527.
376 3771 517 3831 Maiorem
541 3789 612 3832 vero
635 3771 717 3832 arsin
740 3771 882 3831 anacrusi
905 3788 1055 3832 essenon
1078 3779 1236 3849 repugnat.

157 3876 234 3935 Nam
251 3883 405 3954 quatenus
420 3874 498 3935 arsis
522 3873 562 3935 ab
577 3874 717 3936 absoluta
733 3891 842 3934 caussa
857 3874 1010 3950 nascitur,
1037 3881 1178 3953 exempta
1195 3882 1242 3935 cst

160 3979 224 4055 lege
239 3979 290 4038 illa
307 3978 516 4057 aequalitatis,
543 3976 618 4038 dum
634 3996 689 4055 ne,
716 3985 870 4057 quatenus
893 3976 1033 4038 effectum
1050 3985 1097 4037 cst
1111 3994 1241 4057 praeoe-

160 4079 297 4142 dentium
315 4090 504 4160 temporum,
525 4067 576 4140 'his
592 4081 691 4140 minor
705 4081 753 4140 sit.
787 4079 871 4139 Recti
887 4097 957 4158 ergo
972 4088 1046 4141 sunt
1060 4079 1091 4139 hi
1107 4081 1237 4158 numeri,

244 4182 293 4229 υ.’
372 4182 447 4229 wL

297 4230 303 4262 ,
451 4230 457 4243 .
