2804 4912
202 311 263 371 240
596 327 651 368 mn.
673 327 716 368 ιιι.
751 327 815 369 cnr.
834 328 891 369 xxi.

286 480 309 560 ᾖ
323 477 401 544 653.
429 471 555 541 Constat
570 481 748 560 parabasis,
769 498 849 559 quae
873 483 988 560 integra
1004 489 1067 559 est,
1094 481 1340 560 crepantibus

200 594 336 665 septem,
357 603 436 664 quae
453 592 526 644 sunt
540 573 745 661 κομμάτιον,
766 575 977 663 παράβασις,
993 577 1133 666 μακρόν,
1150 586 1331 674 οτροιῃῆ,
1401 646 1402 663 ¹

201 680 378 771 ἐαίῤῥημα,
396 677 630 771 ἀντίστροφος,
650 677 889 769 ἀντιπίῤῥημα,
907 688 946 747 ita
963 696 1000 748 ut
1015 695 1077 748 tres
1092 688 1210 768 priores
1225 692 1328 752 eius

200 801 303 870 partas
318 791 498 870 inaequales
513 793 589 868 sint,
616 790 753 868 reliquae
768 798 870 850 autem
888 799 1012 869 quattor
1026 790 1087 850 sibi
1103 790 1276 852 alternam
1284 803 1327 853 tes

200 891 421 973 respondeant,
442 895 499 954 hec
514 892 622 955 modo:
1188 879 1190 883 ¹

287 1025 329 1093 α’.
421 1024 616 1110 κομμάτιον.

286 1128 329 1215 β.
419 1129 620 1217 παράβασις.

287 1231 324 1319 y'.
416 1230 551 1320 μακρόν.

353 1333 392 1402 d‘.
486 1333 623 1426 στροφή.

288 1436 324 1505 ε’.
492 1437 667 1528 ἐπίῤῥημα.

354 1540 393 1608 d.
487 1536 717 1632 ἀντίστροφος.

288 1649 323 1714 ε’.
492 1640 727 1734 ἅντεαίῤῥημα.

202 1791 240 1851 Ει
251 1791 368 1868 primae
380 1788 507 1869 quidem
520 1797 582 1849 tres
593 1797 696 1866 partes
709 1806 725 1847 a
738 1789 910 1868 coryphaeo
920 1791 1089 1852 recitantur
1101 1811 1107 1866 3
1124 1783 1330 1876 ἒπίρρημα
1391 1843 1392 1846 ,

202 1903 233 1954 et
248 1883 475 1978 ἀνιοπίῤῥημα
491 1899 594 1953 autem
611 1910 628 1953 a
645 1889 778 1953 ducibus
793 1891 1062 1955 hemichoriorum.

288 2114 403 2197 5654.
431 2109 631 2196 Κομμάτιον
652 2124 699 2176 est
713 2114 808 2176 breve
824 2133 966 2196 carmen,
994 2137 1033 2178 ex
1048 2118 1192 2182 versibus
1206 2137 1268 2182 am
1280 2121 1328 2163 3·

203 2222 346 2301 paesticis
362 2220 500 2281 dimetris
516 2221 623 2280 aliisve
640 2220 840 2298 compositum
857 2239 919 2281 non
935 2220 1054 2283 habens
1070 2224 1241 2303 antistropb
1266 2217 1332 2271 ²¹⁸·

204 2323 361 2384 Interdum
400 2324 523 2404 pariter,
565 2333 598 2384 ut
628 2342 707 2403 quae
738 2324 879 2401 sequitur
915 2324 1092 2405 parabasis,
1135 2347 1174 2388 ex
1211 2321 1341 2388 οὔθ’

202 2427 344 2508 paestieis
360 2427 544 2488 tetrametn's
559 2435 694 2505 constat,
720 2435 756 2487 ut
777 2427 808 2485 in
824 2426 957 2488 Acbam.
977 2447 1007 2489 v.
1030 2430 1103 2491 626.
1124 2439 1155 2492 et
1170 2432 1201 2491 in
1216 2418 1349 2492 l'ssoe

203 2551 233 2591 v.
255 2531 326 2590 729.

289 2751 402 2835 5655.
430 2745 650 2838 Παράβασις,
676 2773 756 2832 quae
779 2756 952 2834 angustiore
975 2755 1152 2835 significatu
1166 2741 1369 2820 dicitoellt

204 2870 313 2924 utnon
330 2877 436 2920 omnes
452 2868 570 2939 septem
586 2867 689 2939 partes
703 2856 953 2938 comprehendat,
969 2858 1025 2919 sed
1041 2861 1108 2940 ipsa
1125 2863 1167 2923 sit
1181 2881 1240 2924 una
1347 2843 1380 2889 ⁰¹

204 2966 251 3025 bis
268 2963 419 3044 partibus,
438 2961 623 3043 plerumque
639 2963 841 3041 anapaesticis
858 2965 1042 3025 tetrametris
1058 2974 1190 3043 constat,
1209 2985 1256 3027 uu·
1280 2929 1382 3015 fide

205 3070 297 3129 etiam
319 3057 510 3128 ἀνάπαιστα
525 3073 670 3144 vocatur,
697 3073 732 3127 ut
754 3065 786 3124 in
801 3062 934 3125 Acham.
953 3067 1024 3126 627.
1044 3067 1077 3127 in
1092 3068 1198 3148 Equit.
1219 3034 1382 3154 ὃρῖ·

204 3173 235 3231 in
257 3172 333 3232 Pace
350 3170 422 3230 735.
449 3171 480 3228 in
503 3167 622 3230 Avibus
640 3170 711 3229 684.
739 3170 830 3229 etiam
854 3169 880 3229 si
902 3168 960 3230 alio
981 3188 1075 3249 quam
1099 3156 1386 3252 οιιοροοοιιΐλθ0

206 3285 303 3336 metro
320 3284 383 3335 cst:
403 3293 433 3334 v.
454 3272 607 3333 Pollucem
623 3271 684 3350 lV.,
704 3272 774 3332 tta.
795 3271 889 3333 schol.
906 3269 1060 3353 Aristoph.
1080 3272 1120 3335 ad
1133 3274 1201 3337 Pac.
1218 3276 1255 3337 73
1276 3244 1381 3319 1⁴·

205 3378 299 3439 schol.
316 3377 479 3456 Hephaest.
498 3395 529 3455 p.
545 3376 583 3436 59
602 3372 698 3456 (⁴02).
726 3375 824 3453 Saepe
840 3377 931 3436 etiam
948 3374 1006 3435 alio
1022 3386 1121 3438 metro
1134 3386 1185 3441 est
1197 3366 1383 3467 parb‘af

205 3481 298 3560 basis,
318 3490 353 3543 ut
364 3478 532 3559 Eupolideo
548 3480 579 3539 in
591 3478 734 3539 Nubibus
746 3497 775 3538 v.
793 3479 863 3538 5⁴8.
885 3495 986 3558 seqq.,
1004 3478 1062 3540 sed
1073 3499 1199 3562 semper
1209 3471 1378 3543 καθα

206 3577 335 3663 στίχον,
353 3588 372 3646 i.
392 3605 418 3645 e.
439 3582 545 3644 eodem
563 3600 662 3661 usque
677 3600 771 3644 versu
786 3583 931 3661 repetite,
958 3583 1082 3661 scripta.
1116 3575 1369 3664 Numqud)m

205 3707 279 3749 vero
290 3688 330 3749 ad
346 3707 414 3749 eam
427 3687 556 3748 trimetri
567 3685 689 3747 iambici
701 3684 903 3746 adhibentur:
922 3703 952 3745 v.
966 3685 1063 3746 Bentl.
1084 3685 1160 3749 diss.
1171 3680 1356 3749 Phalass'·

204 3810 236 3872 p.
251 3793 321 3853 ιιι.
341 3793 408 3852 sive
424 3790 473 3852 ed.
493 3792 574 3869 lips.
594 3809 624 3869 p.
637 3789 709 3850 262.
858 3777 870 3798 ⁸

290 3995 406 4079 5656.
433 3991 577 4082 Μακρὸν
596 3997 659 4058 iere
678 4014 716 4056 ex
734 3995 871 4058 dimetris
888 3998 1091 4076 anapaesticis
1107 4004 1237 4077 cunstat,
1265 3986 1327 4045 el

206 4113 253 4165 est
267 4099 428 4179 eiusmodi,
448 4112 483 4162 ut
499 4111 596 4163 totum
613 4092 790 4178 dunecani,
807 4103 826 4160 i.
843 4121 870 4161 e.
890 4119 953 4161 uno
964 4103 1074 4181 spiritu
1090 4101 1212 4163 recitari
1226 4097 1311 4161 ἅθ’

205 4208 286 4286 beat,
306 4224 323 4267 a
339 4223 401 4285 qua
416 4225 449 4264 re
464 4206 557 4265 etiam
572 4204 690 4288 πνῖγος
704 4213 840 4265 vocatur.
1313 4199 1325 4215 '
