2804 4912
151 290 193 354 48
559 311 615 353 uin.
637 312 669 353 ιι.
697 311 758 353 ear.
777 312 834 354 xrr.

152 465 200 537 ΙΙΙ.
218 483 250 544 p.
271 465 342 525 332.
380 462 521 526 Secunda
545 463 761 526 videturesse
784 473 909 546 propter
931 484 1043 526 nomen
1066 466 1233 546 proprium,

153 576 188 629 ut
207 568 239 626 in
255 569 353 628 Persis
368 566 478 628 Aescb.
500 569 573 629 32⁴.

239 672 367 750 νωμῶν,
385 664 405 732 ὅ
420 661 448 733 o'
465 662 591 745 ἐσθλὸς
608 663 835 754 Ἀριόμαρδος,
851 658 1024 755 Σάρδεσιν.
1281 756 1283 765 Ι

154 775 252 834 Tertia
277 773 429 855 denique,
456 793 553 853 eaque
581 776 717 836 omnium
749 774 1012 855 frequentissima,
1038 777 1241 856 interpunctio

154 896 330 956 praegressa
353 879 384 937 in
408 879 494 939 tertia
520 878 614 957 thesi,
646 879 712 957 vel,
743 878 825 957 quod
852 898 972 958 rarum,
1003 880 1035 939 in
1057 880 1146 940 tertia
1169 880 1237 939 arsi.

154 981 260 1060 Eurip.
281 982 351 1042 Heo.
373 983 444 1042 bil.
472 981 564 1043 Rbes.
586 986 658 1044 7⁴5.

243 1078 450 1169 σπεύδωμεν,
471 1075 666 1167 ἐγκονῶμεν·
684 1076 767 1168 ἡγοῦ
781 1104 852 1164 μοι,
869 1079 972 1168 γέρον.

240 1179 316 1267 βίον
331 1178 360 1247 d'
378 1180 527 1248 ἐπαινῶν
542 1173 644 1269 εἷρπ’,
662 1180 803 1272 ἀγύρτης
817 1208 869 1262 τις
883 1180 1003 1271 λάτρις,

155 1292 235 1351 llaec
255 1291 336 1350 enim
360 1291 565 1370 interpunctio
587 1311 684 1370 quum
708 1311 831 1352 versum
855 1293 885 1350 in
907 1291 1031 1352 ordines
1056 1289 1093 1374 ἕξ
1117 1293 1190 1354 ΗΞ.
1215 1302 1244 1353 et

159 1396 227 1453 lt3.
246 1393 395 1455 indicatos
419 1394 559 1473 dirimat,
586 1405 695 1456 natura
721 1414 776 1456 sua
795 1396 913 1475 longius
930 1396 1041 1456 morari
1060 1414 1168 1456 vocem
1183 1415 1244 1476 po-

155 1497 250 1557 stulat
264 1498 295 1557 in
308 1507 416 1576 quarta
434 1498 521 1558 thesi.
548 1497 629 1560 illud
639 1508 743 1560 autem
756 1508 837 1559 recte
849 1497 1067 1560 animadvertit
1077 1500 1241 1579 Porsonus,

156 1597 208 1659 ubi
225 1589 265 1660 dv
281 1602 312 1660 in
328 1601 435 1679 quinta
451 1602 511 1662 arsi
528 1611 585 1680 est,
604 1621 782 1682 praegresso
798 1601 903 1682 verbo,
922 1603 1010 1662 cuius
1026 1602 1134 1663 ultima
1151 1601 1245 1664 elidi-

155 1712 220 1782 tur,
247 1702 324 1765 duas
347 1724 437 1766 voces
458 1706 552 1766 unius
572 1706 670 1766 instar
690 1724 775 1786 esse,
805 1724 904 1786 eoque
925 1705 995 1766 talia
1017 1705 1160 1786 exempla
1184 1725 1245 1766 non

155 1806 278 1868 obstare
295 1808 419 1888 regulae
435 1826 520 1888 suae,
540 1818 575 1870 ut
590 1827 639 1885 ap.
659 1808 765 1890 Eurip.
785 1809 895 1869 Phoen.
918 1811 1009 1871 loeo.

241 1904 304 1994 ἐγώ
320 1905 358 1972 δὲ
373 1902 479 1973 ναίειν
495 1902 524 1973 o'
541 1902 601 1973 οὐκ
617 1902 749 1991 ἐάσαιμ’
766 1901 806 1973 ἂν
819 1905 939 1991 χθόνα.

154 2015 349 2094 Quamquam
366 2016 476 2076 horum
488 2034 612 2103 quoqne
627 2016 841 2096 exemplorum
857 2015 1002 2075 nonnulla
1020 2014 1059 2075 ab
1075 2016 1246 2095 interpun-

155 2119 252 2179 ctione
268 2119 324 2179 ista
342 2118 530 2198 praesidium
547 2119 671 2199 habent,
690 2129 726 2180 ut
741 2120 833 2200 Sopb.
853 2119 965 2179 Electr.
987 2118 1058 2179 tta.

240 2211 275 2282 εἴ
285 2240 345 2301 μοι
360 2216 470 2304 λέγοις
484 2214 541 2306 τὴν
557 2211 650 2306 ὄψιν,
667 2213 795 2302 εἴποιμ’
812 2212 853 2283 ὃν
867 2214 953 2284 τότε.

155 2326 188 2384 ln
205 2326 310 2403 quinta
328 2327 388 2386 arsi
407 2327 610 2404 interpunctio
625 2335 672 2386 est
687 2328 716 2386 in
733 2325 811 2387 Oed.
832 2327 894 2388 Col.
917 2328 988 2387 505.

237 2418 415 2490 τούκεῖθεν
431 2417 564 2505 decons,
581 2415 607 2488 ol
623 2422 715 2513 κόρη,
732 2420 835 2491 τοῦδ’·
854 2418 892 2514 ἢν
908 2424 946 2491 δέ
960 2448 1029 2491 τον.

155 2530 230 2593 Vide
248 2531 290 2591 ibi
306 2531 460 2593 adnotata.

240 2735 356 2818 §lta
394 2737 603 2819 Anapaestum
626 2740 731 2818 tragici
754 2758 815 2799 nou
839 2740 896 2800 nisi
920 2741 950 2800 in
974 2740 1097 2799 nomine
1119 2741 1247 2822 proprio

154 2843 215 2903 sibi
231 2842 437 2922 indulserunt,
457 2853 584 2922 excepto
600 2843 708 2904 ultimo
722 2842 812 2922 pede,
838 2844 890 2923 qui
908 2861 1030 2921 semper
1045 2861 1143 2922 purus
1161 2846 1247 2906 iam-

155 2945 216 3007 bus
232 2966 300 3007 esse
316 2946 419 3007 debet.
454 2947 493 3007 Et
515 2965 615 3025 usque
637 2946 676 3007 ad
692 2947 815 3026 Olymp.
836 2947 995 3007 LXXXIX.
1016 2946 1142 3026 quidem
1160 2949 1193 3008 in
1210 2949 1246 3008 iis

155 3059 274 3110 tantum
287 3050 465 3111 nominibus
481 3043 610 3129 propriis
622 3060 824 3130 anapaestum
841 3049 1043 3129 admiserunt,
1059 3068 1141 3129 quae
1157 3051 1248 3112 aliter

155 3154 259 3213 versui
280 3153 370 3233 plane
386 3173 447 3214 non
463 3162 589 3233 possent
604 3154 718 3232 aptari;
746 3163 816 3234 post
836 3172 903 3213 eam
919 3153 1134 3233 Olympiadem
1150 3156 1246 3216 etiam

155 3257 185 3315 in
209 3256 285 3337 illis,
312 3257 479 3336 inquibus
503 3256 559 3316 alia
585 3256 780 3318 collocatione
802 3257 968 3318 vorborum
992 3256 1147 3317 declinare
1163 3277 1248 3319 ana-

154 3369 296 3438 paestum
315 3361 436 3440 licebat,
455 3370 491 3420 ut
506 3360 612 3438 Eurip.
632 3360 698 3420 Hel.
719 3363 769 3421 87.
1024 3428 1031 3446 ⁵

245 3458 417 3543 Τελαμών·
434 3457 589 3542 Σαλαμὶς
604 3456 642 3524 δὲ
656 3456 779 3548 πατρὶς
793 3456 812 3547 ἡ
827 3456 991 3550 θρέψασά
1005 3482 1057 3542 με.

240 3670 264 3751 §
287 3668 361 3734 150.
399 3672 433 3731 ln
455 3671 553 3751 primo
579 3669 658 3750 pede
684 3680 788 3731 tamen
811 3688 1027 3750 quaecumque
1054 3689 1113 3730 vox
1140 3669 1246 3734 lacere

155 3783 356 3855 anapaestum
379 3783 495 3853 potest:
521 3773 576 3834 sed
598 3775 623 3835 is
643 3784 828 3855 anapaestus
851 3776 883 3834 in
898 3776 1069 3854 antiquiore
1085 3775 1245 3853 tragoedia

155 3898 216 3939 non
231 3886 351 3956 poterat
365 3897 404 3938 ex
420 3877 564 3957 pluribus
581 3877 738 3940 vocabulis
754 3888 908 3957 constare,
933 3896 1034 3956 neque
1050 3876 1190 3940 debebat
1205 3900 1246 3940 ex

155 3983 330 4042 accessione
345 3983 501 4060 augmenti
516 3983 548 4042 in
564 3981 669 4043 verbis
684 3990 776 4042 natus
792 3999 869 4042 esse.
903 3982 972 4041 Post
992 4000 1059 4041 eam
1075 3981 1247 4062 Olympia-

156 4085 226 4145 dem
240 4095 353 4162 autem,
370 4105 463 4163 quam
480 4085 553 4164 dixi,
568 4087 659 4145 etiam
676 4085 763 4165 plura
777 4084 870 4144 verba
888 4093 919 4143 et
930 4093 1129 4164 augmentum
1142 4084 1246 4147 lacere

115 4219 120 4226 κ
155 4199 356 4269 anapaestum
380 4190 409 4248 in
433 4190 532 4270 primo
554 4188 632 4266 pede
648 4196 831 4268 potueruut,
857 4189 942 4248 utin
966 4189 1070 4266 Eurip.
1090 4187 1142 4248 Or.
1164 4191 1240 4250 888.
