2804 4912
454 337 490 377 οε
506 335 638 379 oaurrors
656 336 783 378 sotrrrs.
1098 317 1154 378 261

60 488 221 550 eiusmodi
243 497 306 566 est,
333 496 368 550 ut
389 488 604 570 respondentia
628 488 669 550 ab
691 508 751 550 non
768 487 1027 568 respondentibus
1042 491 1161 569 possint

64 592 266 672 interpellata
284 592 389 654 videri.
416 591 502 653 Vnde
517 594 641 654 omnino
656 591 915 673 interpellationes
931 592 962 652 in
977 610 1160 672 paromoeo-

61 694 205 776 strophis
220 695 435 757 usitatissimae
452 705 535 758 sunt.

159 931 274 1014 §m
308 935 374 997 Non
394 936 517 999 videtur
538 945 642 1000 autem
666 936 872 999 dubitandum
894 956 978 1016 esse,
1006 940 1080 1018 quin
1102 939 1159 999 hae

64 1039 288 1120 responsiones
310 1040 400 1100 oertis
423 1039 597 1102 harmoniae
622 1039 843 1119 modorumque
869 1041 1158 1104 conformationibus

62 1152 102 1205 et
125 1142 346 1205 mutationibus
367 1142 408 1203 ab
430 1143 484 1221 iis,
509 1163 589 1223 quae
612 1142 671 1205 sibi
694 1162 755 1203 non
771 1142 972 1224 respondent,
997 1144 1158 1205 distincta·

63 1247 201 1325 fuerint,
221 1249 262 1307 ita
283 1257 319 1309 ut
338 1247 475 1308 transitio
490 1245 530 1307 ab
546 1245 640 1308 altero
656 1265 767 1327 genere
782 1245 822 1307 ad
843 1246 974 1307 alterurn
993 1247 1074 1309 ultro
1090 1266 1158 1308 seso

62 1349 215 1412 debuerit
235 1349 364 1412 auribus
384 1348 559 1410 obtrudere.
592 1348 653 1410 Sed
675 1348 781 1410 modos
797 1349 967 1411 carminum
983 1368 1080 1429 quum
1096 1369 1158 1410 non

63 1453 258 1531 habeamus,
284 1453 359 1512 nibil
381 1452 470 1514 nobis
493 1450 597 1530 hodie,
624 1471 718 1532 quarn
741 1460 907 1513 metrorum
927 1452 1094 1515 similitudo
1111 1454 1158 1514 vel

62 1549 298 1634 dissimilitudo,
318 1555 400 1617 unde
415 1557 621 1617 coniecturam
637 1555 795 1634 faciamus,
816 1555 969 1635 reliquum
985 1566 1042 1617 est.
1069 1555 1158 1629 Quod

62 1668 200 1740 apparet
220 1679 313 1740 quam
334 1660 374 1721 sit
396 1658 593 1737 ambiguum,
622 1657 676 1720 ubi
699 1657 807 1721 eadem
829 1668 925 1720 metra
949 1678 1041 1741 saepo
1063 1679 1156 1743 repe-

60 1770 188 1824 tuntur.

158 1998 272 2081 §722
308 2003 426 2082 Insigne
447 2003 639 2084 exemplum,
665 2005 697 2063 in
721 2022 782 2083 qno
804 2003 987 2082 plerumque
1003 2005 1086 2065 initia
1102 2024 1157 2065 ro-

59 2107 268 2189 sponsionem
282 2106 448 2183 continent,
474 2114 576 2168 exstat
590 2104 674 2187 apud
689 2102 875 2185 Aeschylum
892 2108 922 2166 in
938 2107 1022 2188 Sept.
1042 2106 1081 2168 ad
1097 2109 1152 2169 Th.

57 2231 82 2273 a
111 2231 143 2271 v.
164 2208 214 2271 78.
240 2228 280 2271 ox
300 2228 360 2288 quo
383 2209 532 2288 carmine,
559 2210 647 2271 ouius
668 2217 820 2290 postrema
844 2228 917 2290 pars
940 2212 1155 2290 antistropbiea

59 2321 135 2392 est,
158 2313 214 2374 has
237 2321 357 2374 tanturn
378 2320 441 2372 tres
464 2312 605 2392 strophas
625 2331 664 2372 ex
686 2312 738 2390 iis,
769 2332 848 2392 quae
868 2314 1156 2395 paromoeostropba

58 2424 154 2495 sunt,
174 2415 266 2476 affere
282 2417 382 2477 visum
398 2422 462 2475 est:

158 2541 298 2630 ἀκούετ’,
321 2541 343 2636 ἢ
365 2542 425 2612 οὐκ
447 2539 576 2612 ἀκούετ’
599 2542 753 2613 ἀσπίδων
775 2545 919 2629 arduom
1006 2569 1074 2632 στρ.
1098 2545 1134 2633 ζ’.

201 2649 369 2718 πέπλων
391 2648 462 2716 καὶ
483 2647 688 2740 στεφέων·
1112 2648 1117 2658 ’

200 2749 298 2836 πότ’,
321 2749 430 2841 εἰμὴ
453 2749 522 2818 vti
543 2747 651 2844 ἀμφὶ
672 2749 799 2819 λιτάν’
822 2751 981 2837 ἕξομεν,

157 2855 283 2922 κτύπον
306 2855 462 2944 δέδορκα·
486 2853 637 2944 πάταγος
658 2851 718 2940 οὔχ
740 2852 813 2934 ἑνὸς
835 2853 943 2941 δορός.
1003 2878 1070 2943 στρ.
1095 2855 1133 2944 η’.

200 2956 241 3026 τί
262 2957 415 3048 ῥέξεις,·
437 2957 700 3044 προδώσεις,

200 3058 455 3145 παλαίχθων
476 3059 611 3150 ἕδρης,
634 3059 704 3127 τὰν
726 3059 822 3128 τεὰν
844 3067 932 3148 γᾶν,

157 3155 184 3229 ὦ
205 3163 418 3254 χρυσοπήληξ
438 3166 570 3249 δαῖμον,
595 3159 695 3245 ἐπιδ,
721 3161 817 3231 ἔπιδε
839 3159 950 3246 πόλιν,
996 3185 1065 3248 στρ.
1087 3163 1133 3231 δ’.

200 3265 249 3335 δν
273 3262 362 3333 ποτ’
386 3261 619 3358 εὐφιλήταν
642 3263 751 3333 ἔθου.

156 3526 272 3610 ξ723.
306 3528 398 3592 Aliud
418 3530 538 3591 illustre
558 3529 749 3609 exemplum,
774 3530 806 3589 in
826 3547 888 3607 quo
908 3530 1067 3609 strophae,
1091 3548 1155 3591 nu-

56 3635 163 3701 meris
178 3635 360 3716 plerumque
375 3633 507 3712 similes,
535 3634 619 3694 exitu
639 3630 698 3692 sibi
715 3629 917 3713 respondent,
944 3633 997 3711 qui
1013 3633 1048 3694 lit
1062 3651 1155 3695 versu

56 3737 261 3816 dochmiaoo,
288 3737 336 3798 bis
351 3737 442 3797 etiam
458 3735 537 3814 pede
552 3735 682 3814 Cretico,
701 3733 830 3815 praebet
845 3752 985 3813 carmen,
1010 3733 1093 3815 quod
1108 3741 1156 3796 est

57 3846 96 3906 in
116 3840 289 3901 Phoenissis
307 3840 485 3902 ⁴03—l92.

156 4094 272 4177 §724
306 4099 338 4158 ln
355 4097 480 4159 Hecuba
501 4118 518 4159 a
541 4116 570 4157 v.
594 4097 684 4157 1056.
705 4115 827 4157 carmen
847 4104 894 4157 est
908 4106 1154 4176 paromoeostro-

58 4204 185 4291 pbum,
211 4201 323 4286 partim
346 4221 385 4263 ex
401 4202 591 4284 anapaestis,
618 4201 729 4279 partim
752 4218 790 4259 ex
806 4197 954 4261 doohmiis
970 4201 1068 4280 etqui
1084 4218 1155 4262 oum
