2804 4912
299 314 336 355 DE
353 313 492 355 sraeeuls
508 313 588 354 Palati
605 315 639 354 ΕΤ
656 315 776 356 SECVND!
792 315 923 357 daunais.
1094 300 1155 360 213

158 463 274 545 5584.
310 465 373 528 Sed
387 467 437 527 hic
451 467 528 546 sibi,
554 470 664 548 partim
686 476 720 527 ut
736 469 829 548 magis
847 468 998 530 masculos
1013 467 1158 531 redderet

69 588 229 649 numeroS,
248 570 361 648 partim
376 573 526 633 sermonis
541 572 638 632 Latini
654 569 866 632 commoditate
881 570 1045 650 adductus,
1062 591 1157 633 sevc-

70 694 138 734 ram
155 673 226 734 lecit
241 672 348 753 legem,
365 681 400 735 ut
414 674 563 754 longiores
576 692 684 736 versus
696 693 819 754 semper
830 673 871 735 ab
886 675 1006 756 epitrito
1022 675 1157 736 secundo

70 778 237 856 inciperet,
264 795 423 838 caesuram
439 786 541 838 autem
559 776 671 839 laceret
686 779 716 838 in
732 779 830 858 prima
840 766 975 859 dactyli,
1001 777 1157 840 interdum

70 882 164 942 etiam
180 881 213 941 in
227 879 366 942 eiusdem
382 879 469 959 pedis
485 879 621 943 secunda
637 879 772 962 syllaba:

160 994 274 1075 intepet·
288 994 368 1054 vitoe
383 1028 403 1038 -
419 992 598 1074 scelerisque
609 1011 727 1074 purus:

159 1095 295 1158 Mercuri
307 1094 437 1176 facunde
452 1130 472 1140 -
487 1114 577 1176 nepos
592 1092 729 1158 Atlantis.

70 1218 112 1277 Et
134 1216 191 1277 hae
213 1235 340 1278 eaesma
362 1215 488 1295 quidem
511 1234 591 1295 quac
615 1218 646 1277 in
669 1226 754 1279 sexta
775 1216 895 1296 syllaba
912 1225 975 1296 est,
1002 1219 1032 1277 in
1049 1228 1158 1298 quarto

70 1319 151 1379 libro
170 1320 349 1398 saepissime
370 1338 441 1382 eum
462 1338 555 1382 usum
572 1318 730 1400 videmus,
757 1338 853 1401 quum
874 1340 942 1382 eam
958 1321 988 1379 in
1004 1320 1158 1401 prioribus

71 1421 160 1483 libris
177 1440 245 1483 raro
260 1422 444 1485 admisisset.

160 1591 274 1672 5585.
313 1596 346 1655 ln
374 1592 536 1675 tragoediis
559 1595 692 1656 Senecae
715 1594 879 1676 adscriptis
901 1597 991 1657 etiam
1015 1597 1158 1675 strophae

71 1718 111 1758 ex
135 1696 277 1778 pluribus
300 1717 394 1777 quam
417 1698 515 1759 tribus
538 1698 698 1779 Sapphicis
726 1697 885 1777 versibus,
915 1708 951 1760 ut
976 1718 1016 1759 ox
1042 1700 1158 1760 octonis

71 1800 213 1862 subiecto
228 1800 340 1864 deinde
356 1800 485 1880 Adonin,
504 1802 714 1864 inveniuntur.
742 1800 804 1863 Sed
824 1802 854 1862 hi
869 1821 980 1881 parum
996 1821 1159 1864 commen-

71 1903 170 1966 dandi
184 1904 272 1967 lusus
289 1914 371 1966 sunt.

158 2073 276 2157 5586.
310 2076 469 2155 Secunda,
496 2095 589 2157 quam
613 2078 785 2140 accuratius
807 2077 992 2139 considerari
1008 2087 1154 2157 oporteat,

70 2181 197 2260 stropha
212 2179 372 2242 Alcaica
392 2191 448 2241 est.
483 2181 558 2243 Eius
574 2181 636 2244 duo
651 2182 742 2262 primi
758 2200 866 2244 versus
882 2182 939 2242 hoc
954 2190 1050 2242 metro
1065 2190 1154 2243 sunt:

158 2285 280 2338 &Lu-U
296 2288 300 2375 p
319 2285 467 2338 Auem?

69 2405 181 2466 tertius
195 2404 271 2465 hoc:

158 2509 281 2562 μίν-ὗ
298 2512 301 2600 p
319 2510 417 2562 Lea-U

69 2637 203 2708 quartus
219 2629 292 2689 hoc:

159 2735 412 2800 ‚mmmm-U,

69 2853 150 2912 Nam
166 2852 316 2914 elementa
332 2854 424 2915 totius
440 2855 666 2933 compositionis
682 2863 756 2914 sunt
770 2854 802 2914 hi
818 2852 959 2936 ordines:

160 2962 308 3010 ,ίυυ-υυ
463 2964 559 3011 Lxx-v

68 3076 128 3156 qui
143 3077 235 3136 variis
258 3075 357 3137 modis
379 3079 459 3138 inter
480 3097 514 3139 se
538 3078 632 3138 iuneti
647 3077 723 3138 haec
739 3084 835 3136 metra
857 3075 1078 3154 praebuerunt.
1112 3075 1159 3134 Ex

68 3198 135 3259 quo
158 3189 300 3258 apparet,
326 3180 417 3260 plane
432 3180 512 3258 salli,
538 3182 591 3260 qui
614 3178 692 3241 duos
715 3179 831 3259 priores
848 3197 956 3239 versus
972 3179 1003 3238 in
1019 3176 1159 3238 ordinem

69 3281 282 3362 logaoedicum
299 3283 383 3343 exire
404 3283 463 3344 sibi
478 3291 715 3363 persuaserunt,
742 3302 802 3363 quo
825 3301 947 3342 omnem
963 3288 1159 3342 venustatem

69 3403 272 3446 numerorum
301 3385 457 3464 porditum
484 3387 520 3447 iri
545 3405 670 3447 necesse
697 3385 782 3446 loret.
824 3386 863 3446 Et
892 3384 1009 3445 metrici
1036 3402 1159 3463 quoque

69 3497 195 3548 veteres
211 3506 364 3549 consensu
380 3488 504 3550 duobus
527 3487 656 3566 dactylis
677 3489 835 3550 terminari
858 3489 912 3549 hos
928 3505 1038 3548 versus
1057 3484 1159 3547 tradi·
1229 3559 1233 3567 1

70 3591 199 3652 derunt.

162 3759 277 3842 §582
312 3764 446 3825 Cacsura
461 3783 500 3824 ne
519 3764 550 3824 hi
566 3761 692 3842 quidem
708 3782 818 3825 versus
838 3762 1032 3843 indigebant,
1058 3762 1113 3823 sed
1134 3765 1159 3824 si

69 3886 137 3948 qua
154 3866 292 3928 iacienda
309 3876 384 3945 erat,
400 3867 601 3928 conveniebat
615 3869 646 3927 in
659 3869 720 3928 linc
736 3866 877 3928 ordinum
894 3885 962 3927 eam
975 3885 1052 3927 esse.
1079 3868 1161 3927 Fecit

69 3989 235 4033 caesuram
253 3970 447 4050 neglexitque
462 3968 609 4031 Alcaeus:

163 4073 214 4142 ὕει
236 4075 296 4160 μὲν
319 4073 334 4142 ἱ
359 4074 455 4160 Ζεύς,
480 4076 513 4160 ἐν
536 4072 566 4143 d’
590 4072 701 4164 ὀρανῷ
721 4074 825 4163 μέγας

163 4177 302 4266 χειμών·
325 4172 516 4268 πεπάγασιν
538 4175 567 4247 δ’
589 4177 721 4246 ὑδάτων
741 4176 828 4269 ῥοαί.
