2804 4912
172 174 214 235 96
561 190 617 235 nn.
639 191 669 234 u.
704 191 766 234 car.
786 190 861 234 xxiv.

171 347 285 407 tionem
301 343 430 424 habent,
449 344 505 407 sed
521 345 552 405 in
568 345 773 427 quibusdam,
791 346 873 406 utin
888 343 1008 406 heroico
1024 359 1120 405 versu
1134 350 1167 403 ot
1181 358 1268 423 aura¹

172 450 287 531 paestis
302 448 423 529 cyoliis,
450 448 539 527 longa
554 449 692 531 syllaba,
718 467 798 530 quae
813 449 844 509 in
859 448 922 509 arsi
936 456 1000 526 est,
1020 433 1165 529 litoreo,
1190 444 1209 505 i.
1226 462 1250 505 e.

172 552 353 613 irrationalis
366 551 506 631 habetur,
527 562 561 614 ut
576 571 656 632 quae
672 553 777 633 paullo
788 551 911 613 hrm'ior
922 549 1036 631 duplici
1052 558 1195 631 tempore
1207 548 1251 609 sit

173 656 310 735 liantque
322 654 362 716 ob
378 672 518 716 caussam
534 656 564 715 in
577 655 624 716 his
638 654 804 736 generibus
819 655 896 716 arsis
912 673 973 714 non
988 653 1122 714 solvitur
1138 653 1171 713 in
1182 648 1255 713 duas

174 759 295 836 breves,
315 776 412 837 quum
428 767 531 819 eontra
548 759 578 819 in
594 760 702 820 ceteris
718 776 811 839 saepe
826 758 972 820 solvatur.

578 1145 854 1215 GARXXIV.

335 1293 1094 1388 Deversibusdactyliois.

258 1461 367 1549 5286.
387 1466 584 1547 Dactylioi
601 1462 1094 1546 versusexordinibusperiodiois
1104 1470 1254 1525 constant

174 1571 213 1633 Et
228 1570 277 1631 alii
302 1569 427 1649 quidem
450 1586 556 1631 eorum
572 1588 628 1651 per
642 1568 797 1650 dipodiam
814 1568 978 1649 incedunt,
1003 1567 1053 1628 alii
1070 1566 1258 1647 longioribus

172 1672 333 1736 ordinibus
354 1674 524 1734 variantur.
558 1674 623 1734 Non
647 1682 750 1735 autern
774 1671 950 1752 dipodia·in
973 1670 1136 1749 dactylicis
1161 1670 1257 1731 versi-

173 1778 250 1856 ltus,
269 1776 422 1839 sedemus
438 1776 640 1857 quisquepes
658 1785 789 1837 matrum
807 1784 948 1854 vocatur,
967 1774 1188 1853 antiquissima
1202 1790 1257 1855 np-

171 1880 333 1960 pellatione
352 1888 483 1940 servata.
518 1877 604 1940 Vnde
626 1887 701 1958 quot
715 1878 827 1960 pedro,
855 1887 898 1939 tot
915 1887 1009 1937 metra
1032 1886 1253 1939 numerantur:

172 1987 212 2045 ita
241 1994 274 2045 ut
300 1992 475 2044 tetrameter
501 1980 668 2061 dactylicus
699 2000 843 2044 mensura
871 1999 927 2060 par
951 1981 992 2041 sit
1016 1976 1154 2043 dimetro
1183 1998 1256 2042 ana-

172 2088 316 2169 paestim.

258 2290 282 2373 ὅ
296 2289 374 2356 287.
400 2293 539 2353 Mensura
552 2289 664 2371 dactyli
676 2311 773 2371 quum
786 2311 823 2352 aaa
837 2292 957 2354 numeri
975 2289 1094 2367 legibus
1107 2291 1188 2353 llaec
1201 2292 1250 2353 sit:
1279 2240 1293 2473 4

258 2498 282 2546 L
296 2514 347 2547 υυ

245 2619 296 2649 W

173 2718 276 2769 tamon
304 2708 333 2767 in
363 2705 518 2787 plerisque
546 2706 687 2769 versibus
716 2705 874 2787 dactylicis
904 2714 1023 2768 tantum
1054 2702 1204 2786 dactylus
1229 2712 1257 2767 et

174 2810 330 2892 spondeus
351 2819 556 2890 usurpantur:
583 2811 613 2871 in
637 2810 798 2891 perpaucis
820 2819 851 2871 et
875 2828 941 2870 raro
968 2808 1258 2887 proceleusmaticus

175 2916 221 2975 vel
243 2923 443 2994 anapaestus:
470 2915 523 2991 qui
550 2911 646 2993 pedes
669 2914 699 2973 in
724 2913 771 2973 his
794 2922 912 2975 tantum
935 2911 1094 2991 dactylicis
1114 2908 1261 2975 videntur
1290 2940 1293 2955 ·

174 3016 292 3079 admitti
305 3035 405 3096 posse,
421 3035 552 3097 quorum
568 3019 645 3078 ansis
660 3034 720 3077 non
734 3015 828 3077 habet
839 3034 1014 3078 mensuram
1032 3016 1257 3079 irrationalem:

176 3142 204 3183 v.
230 3120 337 3203 §aaa
376 3120 477 3192 Quare
506 3119 547 3180 als
576 3120 696 3181 heroico
719 3137 811 3181 versu
837 3129 868 3181 et
894 3128 1087 3201 pentametro
1114 3120 1257 3202 elegiaco,
1291 3172 1293 3179 .

173 3225 303 3302 aliisque
330 3222 512 3301 generibus,
544 3221 724 3301 logaoedieis
748 3223 900 3301 maxime,
927 3222 1049 3285 exclusa
1073 3233 1121 3285 est
1151 3224 1262 3289 solutio

173 3343 287 3388 aracos.
320 3326 514 3405 Omninoque
530 3324 605 3385 haee
620 3326 747 3405 solutio,
773 3325 871 3387 sicubi
887 3328 1058 3407 invenitur,
1083 3325 1185 3390 dubia
1201 3326 1263 3390 tere

173 3439 235 3509 est,
262 3429 319 3491 nisi
335 3431 365 3491 in
383 3430 505 3490 nomine
521 3431 659 3509 proprio,
685 3440 720 3491 ut
742 3427 826 3510 apud
842 3428 1005 3491 l’imlamm
1022 3429 1129 3492 isthm.
1152 3432 1203 3493 lv.
1222 3434 1262 3493 ts

179 3535 235 3616 (ill.
257 3535 336 3615 aa).

261 3647 350 3741 ἔρνεϊ
371 3646 567 3717 Τελεσιάδα.

260 3858 377 3944 ξ288.
403 3860 556 3925 Catalexis
572 3860 790 3944 dactylioornm
806 3860 921 3946 duplex
938 3873 1000 3942 est,
1020 3863 1051 3925 in
1068 3863 1264 3947 monosylla-

173 3968 269 4044 bum,
289 3977 320 4027 et
336 3968 366 4026 in
384 3962 588 4043 disyllabum:
608 3978 643 4029 ut

93 4058 96 4063 Ι
259 4068 428 4117 ΖΜΔ-υν-
635 4064 833 4116 :vv-vuj
