2804 4912
413 335 450 378 ns
466 334 609 377 snorum
623 334 703 376 raim
719 336 754 377 nr
770 334 890 379 sacrum
906 332 1038 377 asanais.
1208 316 1268 377 211

141 477 253 538 ¹³00
276 484 387 564 verba,
411 505 469 567 per
489 504 566 567 quoe
586 489 713 567 spiritua
733 495 762 549 ct
782 489 844 548 vito
864 486 942 549 redit
957 488 1040 549 honis
1051 495 1120 568 post
1135 494 1268 563 mortem,

141 567 292 647 Melici
308 607 456 650 successu
478 590 607 650 lacunas
622 590 663 651 ab
685 590 825 668 imperito
846 599 1012 652 correctore
1033 608 1102 651 esse
1117 589 1266 668 expletas.

141 662 274 752 Reme
289 692 371 751 enim
388 701 521 772 apteque
537 692 619 753 iilam
636 712 731 772 quam
745 694 836 772 posui
852 692 1009 773 stropham
1024 693 1099 754 haec
1117 693 1266 769 excipiet:

544 831 650 894 oeque,

269 917 296 976 si
311 915 436 977 chartae
450 916 557 978 sileam
572 916 650 997 quod
666 915 736 977 heae
751 916 863 996 feceris

264 1037 322 1097 per
337 1037 415 1099 quoe
431 1020 559 1099 spiritus
574 1027 602 1080 et
617 1023 680 1081 vita
695 1020 776 1081 redit
791 1019 874 1080 honis

266 1129 333 1201 post
347 1130 470 1183 mortem
474 1168 739 1199 ..........

267 1223 431 1285 mercedem
448 1225 560 1286 tuteris.

268 1426 389 1508 §579.
427 1428 512 1490 Aliae
536 1432 678 1511 strophae
701 1451 740 1491 ex
763 1430 870 1493 eodem
898 1450 1027 1493 numero
1053 1451 1108 1511 per
1133 1440 1267 1511 systema

190 1533 356 1594 continuato
371 1540 522 1610 constant,
539 1535 579 1593 ita
593 1542 627 1593 ut
642 1543 702 1594 tota
719 1534 843 1615 stropha
861 1553 957 1595 unum
971 1543 1104 1612 systema
1120 1536 1169 1612 sit,
1186 1533 1269 1612 quod

189 1621 221 1709 ἐξ
233 1626 360 1716 ὁμοίων
375 1646 486 1697 vocant
502 1638 628 1697 metrici.
656 1638 705 1698 Sic
721 1638 861 1698 Horatius
878 1638 924 1698 ΙΙΙ.
947 1639 996 1698 te.
1016 1639 1046 1697 in
1063 1638 1123 1716 ilio,

267 1757 451 1818 miserarum
467 1764 511 1817 est
524 1776 618 1838 aeque
635 1760 742 1835 amori,

182 1873 282 1936 Alcaei
299 1877 441 1957 exemplo
457 1874 563 1937 decem
579 1876 676 1957 pedes
691 1878 808 1938 ionieos
830 1897 891 1938 uua
915 1878 1038 1958 stropha
1061 1878 1268 1958 comprehen-

179 1978 235 2040 dit.
269 1979 380 2040 imitati
403 1989 477 2040 sunt
491 1980 550 2040 hoc
565 1982 683 2060 tragici,
710 1981 765 2042 sed
787 1981 849 2041 iere
871 1983 901 2041 in
919 1982 979 2041 fine
995 1981 1110 2041 variato
1126 1999 1263 2060 numero,
1354 2041 1357 2047 ,

176 2101 241 2162 quo
262 2081 382 2144 facilius
403 2085 525 2144 termini
547 2085 742 2164 stropharum
765 2093 964 2165 apparerent,
992 2094 1026 2145 ut
1041 2083 1214 2162 Aeschylus
1235 2085 1267 2144 in

174 2187 279 2246 Persis
296 2189 346 2246 st.
366 2204 453 2267 seqq.
473 2187 504 2246 in
520 2187 629 2268 Suppl.
651 2189 742 2248 4025.
763 2206 849 2268 seqq.

266 2405 383 2489 9580.
420 2408 505 2471 Aliae
528 2410 670 2490 strophae
691 2430 731 2471 ex
754 2410 897 2492 pluribus
921 2413 1097 2490 systematis
1113 2420 1263 2490 constant,

171 2521 214 2576 ut
230 2511 315 2591 apud
331 2510 571 2575 Anacreontem:

267 2626 452 2716 γουνοῦμαί
473 2624 514 2711 e‘,
538 2626 737 2718 ἐλαφηβόλε,

266 2730 373 2822 ξανθὴ
396 2736 464 2798 παῖ
484 2730 579 2816 Διός,
602 2727 726 2821 ἀγρίων

310 2830 459 2902 δέσποιν’
481 2833 613 2924 Ἄρτεμι
635 2839 760 2925 θηρῶν.

267 2938 340 3004 ἵκου
363 2944 420 3004 νῦν
442 2937 500 3005 ἐπὶ
521 2935 686 3028 Ληθαίου

268 3037 405 3130 δίνῃσιν,
428 3039 686 3130 θρασυίιαρδίων
709 3036 738 3108 δ’

267 3137 396 3231 ἀνδρῶν
419 3142 590 3232 trocheon
611 3142 712 3211 πόλιν

220 3301 230 3321 ,
266 3241 434 3333 χαίρουσ’·
457 3242 496 3313 οὗ
519 3246 580 3337 γὰρ
603 3243 786 3336 ἀνημέρους

309 3346 503 3434 ποιμαίνεις
524 3349 699 3440 πολιήτας.

266 3559 289 3639 §
304 3557 380 3623 581.
414 3558 500 3622 Aliae
515 3580 553 3621 ex
571 3559 711 3622 versibus
727 3580 787 3620 non
804 3563 908 3640 nexis,
936 3579 1101 3622 numerum
1116 3558 1266 3621 habenti-

172 3665 240 3726 bus
256 3663 415 3744 eumdem,
442 3663 498 3726 sed
521 3662 730 3743 magnitudine
747 3664 793 3725 vel
814 3664 909 3726 torma
926 3664 1056 3726 diversis
1072 3663 1204 3741 fiebant,
1230 3670 1265 3723 ut

173 3769 256 3828 haec
266 3788 272 3826 :

309 3905 395 3968 qoem
411 3895 452 3962 tu,
471 3888 661 3967 Melpomene,
679 3888 770 3948 semel

264 3998 433 4052 noscentem
445 3989 568 4071 plocium
585 3991 693 4051 lumine
707 3989 832 4050 cruoris.

309 4092 392 4155 ittam
407 4113 466 4154 noa
482 4092 568 4155 tabor
582 4092 724 4154 Isthmius

265 4195 394 4257 clarabit
404 4195 547 4276 popilem,
566 4215 623 4255 ooo
641 4214 735 4276 equus
751 4196 887 4274 impiper.

1000 4311 1055 4363 14*
