2804 4912
506 313 542 354 os
558 312 690 354 mrsrsvs
705 311 893 354 nocuurscrs.
1205 290 1242 353 81

251 461 359 542 §234
394 466 493 545 Saepe
509 484 581 527 vcro
597 467 700 544 etiam,
726 465 780 527 uhi
797 483 910 546 anceps
931 464 964 525 in
980 463 1050 542 fine,
1076 472 1130 525 aut
1145 463 1247 524 hiatus

112 531 333 648 moenita„
346 568 536 635 cavendum
553 588 608 648 ne,
635 588 715 649 quae
738 568 828 649 plura
849 575 1015 647 systemata
1032 576 1122 646 sunt,
1148 585 1246 628 unum

149 657 228 722 ²⁸⁸&
255 616 425 734 credhmus.
460 673 611 745 Quoniam
635 673 716 733 enim
740 692 801 734 non
824 672 923 732 solent
944 673 1095 733 catalcxin
1117 670 1242 750 habere,

159 763 255 846 iisspe
276 775 345 835 finis
368 777 544 854 systematis
567 796 605 838 ex
628 794 722 837 sensu
744 785 865 837 tantum
886 784 978 854 atque
1001 775 1247 852 interpunctione

169 860 348 955 mitigandus
369 889 426 941 est.
460 880 511 941 Sic
530 881 562 940 in
583 876 694 941 Aesch.
715 878 849 959 Choeph.
871 882 942 941 935.
962 889 1024 941 tres
1041 877 1171 939 dochmii
1187 894 1246 955 sy-

176 972 256 1040 shama
279 981 412 1045 iaciunt:
443 983 515 1046 inde
542 982 626 1045 ahiud
652 985 757 1065 incipit
783 993 920 1063 systema
947 981 1168 1044 dochmiacum.
1206 981 1242 1041 V.

178 1068 258 1145 hiem
277 1082 307 1145 d.
328 1104 368 1146 m.
388 1105 419 1167 p.
440 1088 512 1149 250.

153 1360 156 1365 -
245 1313 361 1396 5235.
396 1320 535 1399 hiatum,
561 1322 614 1401 qui
639 1321 673 1383 fit
694 1323 727 1381 in
749 1330 887 1401 sarrepta
908 1321 997 1400 longa
1015 1319 1111 1380 vocali
1127 1319 1176 1379 vei
1193 1317 1247 1378 di-

141 1432 144 1437 ·
165 1417 326 1502 phthongo,
342 1441 434 1503 saepe
449 1423 519 1484 licet
530 1422 700 1486 admissum
711 1423 818 1485 ¹ridere
834 1426 1009 1502 inutraque
1025 1422 1112 1484 brevi
1127 1421 1246 1484 solutae

161 1525 277 1602 primae
292 1544 410 1588 arseos:
430 1528 523 1607 Soph.
542 1526 589 1589 hi.
610 1529 683 1590 3i9.
710 1527 820 1589 Eiectr.
842 1528 914 1589 sta.

243 1637 345 1724 μόνοι
367 1640 455 1727 ἐμῶν
478 1640 594 1733 φίλων.

244 1750 289 1830 γιῖ
309 1768 346 1811 τε
368 1745 426 1813 καὶ
448 1739 543 1814 otta
565 1739 619 1813 ιόν.

112 1850 189 1933 hv.
210 1867 307 1930 Seidl.
327 1887 357 1948 p.
379 1873 429 1931 95.
449 1888 536 1950 seqq.
574 1871 636 1932 Neo
659 1871 864 1933 dubitandum
889 1869 1025 1950 videtur,
1055 1871 1131 1948 quin
1153 1871 1245 1929 etiam

112 1966 116 1997 ⁵
155 1971 267 2033 ultima
294 1974 387 2052 arsis,
413 1984 448 2035 ut
474 1992 553 2054 quae
579 1977 697 2056 primae
723 1975 875 2036 simillima
902 1976 956 2052 sit,
986 1973 1065 2032 hanc
1091 1972 1245 2032 licentiam

157 2073 250 2136 ierat:
270 2076 358 2137 velut
373 2078 398 2138 si
414 2078 485 2158 quis
500 2078 576 2140 tales
593 2097 701 2141 versus
717 2079 823 2140 iaciat:

244 2190 344 2278 μόνοι
366 2189 438 2281 γάρ,
461 2192 560 2278 μόνοι
582 2189 626 2260 ἔτ’
651 2193 710 2279 ἐμὲ
732 2192 929 2284 φυλάσσετε,

161 2302 169 2313 “
243 2293 345 2381 μόνοι
367 2290 398 2361 ό
422 2294 505 2381 ἐστέ,
520 2293 620 2383 μόνοι
642 2297 730 2383 ἐμῶν
751 2293 900 2387 ἠθάδων.

158 2417 224 2483 Sed
237 2420 377 2483 secunda
401 2424 478 2484 arsis
500 2422 708 2504 adspematur
730 2423 862 2501 hiatum,
891 2423 963 2502 quia
979 2420 1112 2482 solitaria
1128 2431 1188 2505 est,
1216 2432 1247 2482 et
1311 2487 1316 2499 ,

112 2594 116 2605 ‚
156 2540 262 2603 noque
278 2543 349 2586 cum
365 2523 443 2587 thesi
459 2525 520 2588 ulla
536 2545 638 2606 neque
654 2544 725 2588 cnm
741 2527 884 2588 anacrusi
908 2525 1063 2604 cohaeret,
1090 2526 1246 2604 ictumque

155 2624 253 2689 habet
268 2626 432 2690 fortiorem.
459 2627 503 2692 Ac
519 2628 607 2690 valde
623 2631 807 2692 invenustus
823 2631 901 2692 ioret
914 2628 984 2691 talis
999 2646 1127 2690 versus:

246 2740 355 2833 φίλων
375 2742 475 2828 μόνοι
498 2743 586 2828 ἐμῶν
607 2742 742 2830 βέβαιοι
766 2740 810 2812 ἔτ’
834 2742 931 2851 ἐμοί)

244 2986 366 3070 ἦ236.
405 2989 520 3052 Eadem
543 2992 682 3053 hiatuum
710 2992 785 3051 ratio
808 2993 837 3050 in
862 2989 991 3050 iambico
1013 2991 1246 3071 ischiorrhogioo

157 3092 287 3156 obtinet.
326 3095 419 3175 Soph.
440 3094 546 3156 Trach.
568 3096 641 3154 sta.
661 3113 725 3173 seq.

245 3201 266 3300 ἦ
289 3233 356 3277 που
380 3204 464 3275 όλοὰ
487 3209 603 3306 στένει,

245 3306 267 3402 ἦ
287 3337 355 3381 που
378 3307 501 3380 οἲόινιόν
523 3311 660 3401 χλωρόν.

245 3547 368 3630 ΗΜ.
413 3552 616 3613 Inveniuntur
645 3550 812 3612 dochmiaci
843 3553 1006 3612 anaorusin
1037 3550 1185 3611 habentes
1216 3552 1245 3610 in

156 3654 261 3736 primo
289 3653 370 3735 pede
396 3653 594 3734 disyllabam,
629 3656 682 3734 qui
709 3654 862 3735 peculiare
889 3672 986 3734 genus
1016 3664 1099 3715 sunt.
1141 3653 1246 3732 Neque

157 3759 262 3837 enim,
289 3767 324 3821 ut
345 3759 377 3818 in
399 3758 583 3819 comicorum
606 3757 731 3837 iambis,
758 3759 931 3838 promiscue
954 3757 1197 3839 monosyllabam
1220 3760 1251 3818 et

155 3860 347 3941 disyllabum
362 3862 435 3943 poni
450 3861 528 3923 licet.
555 3862 662 3941 ltaque
677 3879 800 3940 semper
815 3863 906 3922 etiam
922 3863 1160 3943 antistrophicus
1173 3879 1249 3922 ver-

155 3985 215 4029 sus
230 3965 323 4029 talem
340 3967 503 4028 anacrusin
519 3965 621 4026 habet.
648 3964 741 4045 Soph.
762 3963 838 4026 Oed.
858 3965 921 4028 Col.
944 3968 1014 4026 tta.
1037 3967 1108 4027 tac.

247 4079 300 4160 τίς
321 4073 375 4164 iip’
397 4070 456 4170 ἦν,ο
477 4085 547 4146 nov*
569 4077 675 4160 ναίεις

248 4180 362 4251 όλοιῖν
385 4181 553 4269 ὀμμάτων.

211 4308 337 4350 Burmanni
346 4307 447 4357 spicoma
458 4307 528 4347 doctr.
539 4306 648 4347 metricae.
