2804 4912
157 325 220 387 210
550 343 607 386 m.
627 343 671 385 m.
707 342 768 383 cir.
787 342 845 383 rvr.

243 493 358 576 §578
386 496 470 559 Aliae
486 498 596 559 harum
613 497 809 574 stropharum
826 495 916 573 plane
933 513 972 554 cx
984 492 1125 554 eiusdem
1138 513 1250 559 verz
1266 529 1270 535 -

160 603 338 681 repetitione
360 611 513 679 constant,
544 601 584 660 ita
608 610 659 679 ut,
690 599 716 660 si
738 608 870 660 metrum
894 597 1057 659 dumtaxat
1079 605 1270 676 spectetu

158 697 243 765 κατὰ
260 697 373 783 στίχον
390 704 556 783 composita
572 701 671 763 videri
687 703 805 783 possint
821 703 965 762 carmina.
998 700 1157 762 Eiusmodi
1172 720 1270 772 su]

158 807 304 868 nonnulla
327 809 357 868 in
379 808 596 870 Anacreonteis
616 808 766 886 carmina,
792 807 823 867 in
844 805 958 885 quibus
978 805 1116 884 aequalis
1137 803 1268 874 distri

159 910 245 972 butio
262 930 426 990 versuum,
449 921 504 973 aut
518 909 685 971 verborum
701 908 879 971 eorumdem
895 909 1035 990 repetitio
1051 908 1270 988 stropharum

160 1013 269 1093 indicia
286 1014 473 1095 suppeditat.
505 1015 589 1075 Vtin
607 1032 701 1074 carm.
722 1014 858 1074 XXXIX.
878 1013 967 1073 cuius
982 1011 1142 1090 strophae,
1165 1029 1265 1092 quae

159 1136 197 1177 ex
214 1120 372 1197 quaternis
388 1118 531 1180 versibus
547 1127 696 1195 constant,
715 1136 822 1178 omnes
837 1117 895 1177 hoc
910 1133 1006 1177 versu
1021 1115 1183 1194 incipiunt:

224 1217 293 1300 *dc’
318 1233 378 1322 ἐγώ
403 1230 473 1300 πίω
496 1231 555 1301 τὸν
576 1225 676 1300 οἶνον.

160 1378 222 1436 Hoc
234 1395 331 1456 genus
348 1378 454 1437 imitati
467 1384 540 1438 sunt
551 1386 659 1458 poetae
671 1376 811 1451 bucolici,
828 1373 866 1436 de
878 1374 993 1454 quibus
1005 1373 1126 1436 dicetur
1138 1372 1154 1456 ᾗ
1166 1375 1218 1433 596.

160 1480 273 1540 Horatii
301 1481 451 1559 carmina,
481 1499 561 1560 quac
587 1481 674 1540 illum
700 1481 801 1540 omnia
828 1476 868 1538 ad
893 1478 1081 1539 Graecorum
1106 1476 1219 1555 exempla

159 1584 367 1660 composuisse
387 1590 520 1662 constat,
548 1602 690 1662 magnam
712 1591 833 1664 partem
853 1590 907 1642 aut
926 1574 1014 1687 nopai
1036 1573 1146 1660 στίχον
1163 1579 1219 1640 lacta
1268 1676 1270 1687 Ι

160 1704 239 1765 esse,
255 1696 309 1747 aut
324 1686 464 1767 strophas
480 1706 519 1746 ex
535 1686 658 1749 duobus
674 1687 817 1749 versibus
833 1694 1006 1747 constantes
1022 1685 1134 1747 habere
1147 1690 1220 1764 puta-
1268 1706 1270 1763 3

162 1786 284 1848 bantur.
312 1788 373 1850 Sed
390 1809 487 1869 quum
504 1810 564 1851 non
582 1791 739 1852 videretur
753 1810 827 1851 casu
843 1791 956 1851 iactum
973 1809 1052 1869 esse,
1068 1799 1112 1869 ut,
1126 1795 1222 1869 praeter
1267 1816 1270 1829 =

160 1890 208 1950 lll.
231 1893 281 1953 li.
301 1890 384 1970 quod
406 1902 453 1953 est
474 1886 510 1968 ἐξ
531 1885 658 1973 ὁμοίων
678 1894 844 1955 imitatione
866 1892 968 1953 Alcaei
990 1893 1120 1970 iactum,
1144 1891 1222 1951 omnia

58 2025 60 2032 ·
161 1993 192 2052 in
215 2003 380 2073 quaternos
402 2016 510 2058 versus
531 1995 626 2058 dividi
652 2007 792 2078 possent,
822 1999 943 2078 primus
964 1994 1225 2058 nannenten

162 2097 205 2156 sic
220 2096 389 2178 descripsit.
418 2099 513 2180 ldque
529 2120 600 2161 eunt
617 2109 697 2161 recte
712 2100 820 2161 iecisse
835 2109 920 2181 puto.
948 2098 1073 2160 Nullum
1090 2108 1137 2160 est
1149 2096 1223 2173 cuim,

162 2198 245 2278 quod
265 2221 334 2261 cam
355 2202 537 2265 divisionem
561 2204 717 2282 repudiet,
748 2204 902 2284 quaedam
928 2211 1030 2264 autem
1061 2201 1147 2266 valde
1167 2218 1228 2261 con-

163 2303 300 2382 lirmant,
325 2315 360 2366 ut
375 2307 396 2367 l.
418 2309 467 2367 113.
490 2310 539 2369 tu.
564 2309 612 2368 lll.
633 2310 683 2368 28.
709 2308 756 2369 lV.
778 2310 806 2369 7.
827 2308 1021 2386 maximeque
1035 2302 1226 2387 ¹omniurnlll.

163 2410 192 2466 a.
212 2407 376 2487 ipsumque
399 2411 488 2489 primi
508 2410 577 2472 libri
593 2430 716 2472 carmen
731 2412 882 2491 primurn,
905 2409 1004 2490 quod,
1030 2418 1066 2471 ut
1081 2411 1113 2469 in
1129 2409 1232 2471 disser-

163 2509 276 2570 tatione
297 2513 432 2592 ostendi,
462 2533 557 2593 quam
581 2513 620 2575 de
642 2533 677 2575 co
700 2515 834 2575 carmine
857 2514 980 2592 scripsi,
1012 2514 1117 2574 recisis
1143 2511 1233 2594 primis

163 2612 286 2676 duobus
303 2614 488 2697 duobusque
505 2619 620 2679 ultimis
635 2617 777 2681 versibus
798 2637 858 2679 non
881 2618 972 2679 modo
988 2617 1235 2697 elegantissimum

162 2727 224 2797 cst,
255 2717 423 2780 sedetiam
445 2721 587 2799 strophas
608 2733 793 2800 quaternum
816 2740 964 2781 versuum
988 2728 1070 2780 recte
1090 2720 1237 2782 distinctas

162 2820 271 2899 habet,
298 2823 338 2883 ita
362 2834 396 2884 ut
417 2825 549 2885 nesciam
572 2843 610 2885 an
634 2826 777 2903 primitus
798 2827 863 2884 sine
886 2822 1010 2885 (luobus
1031 2825 1098 2886 istis
1115 2823 1239 2886 distichis

163 2923 319 2986 conditum
336 2926 437 2988 luerit.
469 2925 581 3006 Aperte
600 2929 738 2990 vitiatum
755 2937 802 2989 est
817 2929 864 2988 lV.
885 2933 914 2988 8.
935 2929 964 2987 in
987 2945 1049 3006 quo
1065 2947 1128 2989 non
1144 2928 1241 2990 dubito

164 3029 238 3106 quin
266 3038 346 3091 recte
373 3029 565 3091 Holmannus
591 3030 768 3111 Peerlkamp
795 3031 899 3092 eiectis
928 3031 1071 3093 versibus
1101 3032 1239 3093 tt-tt.

163 3133 356 3195 coniunxerit
369 3135 459 3195 hacc:

249 3273 308 3315 coa
324 3256 420 3316 inciso
435 3257 510 3317 cotia
524 3273 682 3316 marmora
692 3255 825 3337 publicis

250 3359 324 3437 eiua,
344 3360 397 3440 qui
411 3358 522 3421 domitu
536 3377 641 3420 nomeu
658 3358 696 3419 ob
712 3358 820 3438 Africo

249 3459 386 3522 lucratus
401 3461 503 3538 rediit,
522 3463 637 3523 clarius
655 3461 800 3539 iudicant,

252 3565 366 3644 lauder,
386 3583 477 3645 quum
495 3563 644 3627 Calabrae
660 3566 802 3628 Pierides.

164 3701 239 3760 Nam
263 3720 360 3780 quum
384 3703 479 3763 tactae
499 3703 575 3764 notu
597 3720 752 3763 marmore
770 3702 900 3784 publicis
926 3723 988 3765 non
1008 3707 1109 3785 possit
1130 3710 1191 3771 nisi
1211 3707 1248 3794 de

165 3804 252 3864 titulo
266 3804 361 3886 lapidi
385 3807 530 3885 inscripto
546 3804 662 3866 dictum
678 3825 763 3885 esse,
790 3826 918 3886 prorsus
941 3809 1082 3888 ineptum
1105 3810 1250 3893 estquod

164 3906 195 3965 in
218 3906 305 3969 libris
329 3910 487 3988 sequitur,
514 3928 571 3990 per
594 3929 672 3991 quoe
698 3911 822 3989 spiritus
849 3917 877 3972 et
898 3913 961 3973 vito
983 3912 1063 3976 redit
1085 3915 1173 3980 bonis
1191 3924 1251 3998 post

163 4018 286 4072 ntortcm
309 4012 454 4074 ducibus:
478 4011 562 4091 quod
585 4013 634 4072 hic
653 4031 692 4073 ne
711 4012 750 4074 de
765 4023 866 4074 statua
882 4013 1010 4093 quidem
1025 4024 1112 4078 recte
1128 4019 1251 4099 praedi-

165 4115 225 4175 cari
241 4124 370 4197 poterat,
389 4115 445 4177 sed
460 4114 626 4177 dicendum
643 4124 708 4177 erat
724 4117 763 4178 de
779 4117 978 4179 carminibus.
1005 4119 1135 4199 Exque
1151 4124 1249 4184 nasci-

165 4229 215 4280 tur
230 4213 504 4300 suspicic,'quum
526 4220 656 4279 lacerato
672 4222 885 4300 antiquissimo
906 4221 984 4282 libro
1007 4220 1130 4304 reliqua
1153 4234 1251 4289 essent
