2804 4912
466 344 501 384 nu
520 342 643 385 nrnnms
658 342 829 383 crisenonis.
1134 325 1193 386 199

48 502 153 554 aut.
185 495 325 558 membro
346 496 405 558 alio
427 515 466 557 ex
488 497 616 577 epitritis
640 496 729 557 lacto.
769 498 872 569 Quare
898 495 1112 559 emendatione
1139 499 1193 557 in-

48 588 213 749 {figero
242 599 365 662 videtur
394 599 549 662 secundae
579 599 722 680 strophae
752 601 872 679 primus
904 618 1012 662 vorsus
1044 601 1074 660 in
1104 600 1189 662 Pind.

73 699 215 765 Sthm.
234 704 282 764 lll.

195 814 266 887 ἔστι
286 843 347 904 μοι
368 825 461 886 θεῶν
483 817 577 887 ἕκατι
597 815 702 908 μυρία
725 823 841 889 ocor&
862 817 1032 898 κέλευθος.

193 1028 311 1113 5540.
338 1033 522 1113 Plerumque
538 1033 617 1112 duo,
639 1032 696 1096 scd
711 1051 803 1112 saepe
818 1033 910 1093 etiam
926 1042 988 1096 tres
1003 1032 1115 1114 epitriti
1132 1053 1194 1095 uuo

46 1133 247 1197 membro
263 1135 584 1218 comprehenduntur,
604 1146 640 1199 ut
655 1138 686 1199 iu
702 1135 788 1197 Pind.
808 1137 856 1198 Ol.
876 1137 924 1199 lll.

193 1248 317 1341 Δωρίῳ
341 1250 459 1343 φωνὰν
482 1249 661 1340 ἐναρμόξαι
684 1247 824 1340 πεδίλῳ.

194 1460 310 1545 5541.
338 1462 462 1544 Syllaba
486 1483 601 1545 anceps
617 1466 763 1544 quoniam
785 1466 817 1524 in
835 1463 944 1526 mediis
960 1465 1108 1527 membris
1124 1467 1195 1544 opi-

50 1550 249 1629 iritomm
262 1565 381 1630 admitti
392 1587 454 1629 non
466 1577 576 1649 potest,
593 1566 774 1648 videndum,
794 1567 894 1630 sicubi
909 1569 1075 1648 invenitur,
1092 1587 1130 1629 nc
1142 1577 1196 1631 aut

55 1665 260 1752 SePiptura
276 1673 380 1733 vitiata
396 1672 452 1749 sit,
477 1681 531 1734 aut
552 1671 692 1734 membra
715 1691 777 1734 non
802 1682 883 1734 recte
899 1667 1062 1752 descripta.
1098 1673 1148 1733 Sic
1163 1673 1194 1732 in

57 1748 213 1837 Is>ssim
231 1776 277 1838 lV.
294 1774 379 1856 quod
393 1776 485 1856 vulgo
501 1776 645 1855 quintum
660 1794 785 1838 carmen
800 1785 993 1855 numeratur,
1013 1775 1126 1855 dequo
1142 1776 1196 1836 ln-

67 1853 153 1936 [ra
169 1877 306 1941 dicotur:

195 2000 301 2081 μᾶτερ
320 1990 446 2076 Ἁλίου,
471 1991 670 2080 πολυώνυμε
695 1992 791 2077 Θεία,

194 2095 253 2166 odo
269 2095 369 2164 ἕκατι
390 2097 448 2166 καὶ
469 2104 660 2188 μεγασθενῆ
681 2096 829 2181 νόμισαν.
880 2138 883 2144 ·

11 2248 14 2253 ·
107 2211 152 2282 lle
173 2225 231 2292 hac
251 2243 285 2286 re
304 2223 449 2303 pluribus
472 2223 589 2287 dietum
609 2225 641 2285 in
664 2223 739 2286 diss.
766 2223 806 2286 dc
829 2242 926 2285 mens.
953 2224 1087 2304 rhythm.
1114 2233 1145 2285 ct
1163 2226 1195 2285 in

113 2317 204 2389 Elem.
224 2326 256 2389 d.
275 2347 316 2389 m.
335 2331 452 2411 poto.
472 2347 537 2408 seq.

193 2534 217 2615 ᾖ
233 2530 311 2598 542.
337 2536 428 2598 Fiunt
439 2536 469 2596 bi
482 2537 602 2598 numeri
615 2537 706 2597 etiam
720 2555 792 2597 cum
805 2536 947 2598 auaerusi
959 2535 1100 2614 iambica,
1116 2555 1196 2615 quae

111 2640 292 2719 plerumque
307 2640 429 2719 longam
444 2640 595 2721 syllabam
612 2640 715 2718 habet,
736 2649 770 2702 ut
787 2641 934 2720 aptiorem
951 2649 1014 2702 tam
1030 2641 1115 2720 gravi
1131 2659 1196 2700 nu—

112 2761 203 2805 mero.
238 2741 324 2805 Pind.
344 2743 392 2804 01.
408 2744 455 2804 lll.

193 2855 432 2949 Αἰνησιδάμου
455 2856 557 2926 παιδὶ
579 2859 741 2943 συμμῖξαι
763 2855 968 2945 πρεπόντως.

10 2690 23 2731 l.

194 3070 218 3152 ἦ
229 3067 307 3136 543.
328 3072 590 3134 Consocianturhi
602 3059 715 3149 epitriti
728 3072 790 3132 lere
800 3090 871 3132 curn
880 3070 1037 3152 dactylicis
1045 3073 1192 3151 numeris,

104 3185 213 3257 aptam
222 3175 431 3236 membrorum
441 3174 662 3254 longitudinem
671 3174 867 3254 habentibus,
880 3185 909 3237 ct
921 3183 975 3236 aut
987 3175 1018 3235 iu
1030 3174 1192 3255 syllabam,

106 3280 211 3342 autin
227 3278 415 3360 disyllabum
438 3278 631 3340 catalectieis.
665 3278 763 3341 lluius
785 3280 905 3359 generis
920 3278 1070 3359 quosdam
1089 3296 1196 3339 vorsus

106 3383 293 3462 Hephaestio
316 3383 395 3442 nmle
417 3383 448 3442 in
469 3383 653 3463 asynortetis
675 3383 788 3464 posuit.
823 3383 858 3443 lli
879 3391 952 3444 sunt
974 3382 1072 3465 primo
1088 3400 1196 3442 versus

105 3508 125 3548 e
135 3505 155 3547 n
165 3486 462 3566 comiologicus,
488 3505 581 3565 quem
598 3486 649 3546 ille
665 3506 704 3546 ex
720 3487 858 3567 quinque
874 3486 1032 3567 dactylicis
1047 3484 1196 3548 totidem-

105 3608 170 3668 que
186 3589 324 3650 iambicis
336 3588 547 3669 semipedibus
563 3591 766 3670 compositum
778 3599 884 3672 putat:

194 3709 365 3757 Luxu-w.
379 3707 382 3793 l
396 3707 519 3756 νέαι-υ

103 3813 164 3876 sed
190 3823 239 3876 est
263 3815 313 3875 hic
337 3832 447 3876 versus
473 3815 514 3876 ita
541 3815 643 3894 potius
670 3816 860 3896 metiendus,
891 3825 926 3879 ut
952 3835 1001 3896 ap.
1030 3815 1116 3880 Pind.
1144 3817 1191 3877 Ol.

105 3921 158 3980 lll.
179 3919 231 3980 25.

196 4032 391 4084 Artatus-U
405 4037 408 4122 ρ
422 4037 519 4084 Loss-

187 4131 320 4227 ’Ίσυρου
345 4131 414 4206 ἀπὸ
439 4142 580 4227 σκιαρᾶν
602 4142 715 4227 παγᾶν
737 4133 866 4204 ἔνεικεν.
