2804 4912
308 304 344 344 on
361 303 499 346 srnornrs
516 303 613 344 renrn
629 304 663 342 ur
680 301 784 354 Qvnnrr
802 302 932 344 canorus.
1104 279 1165 340 217

164 446 209 516 οἷλ
229 446 238 472 '
262 447 313 518 ἔτι
335 457 390 516 νῦν
412 447 439 538 χ’
463 445 607 538 ύπνρος·
629 447 714 533 τάχα
738 447 776 516 δὲ
798 447 901 526 πλέος

210 551 329 637 ἔτνεος,
354 544 426 620 οἷον
450 552 468 620 ὁ
491 550 680 644 παμφάγος
700 549 844 636 Άλκμὰν

81 679 90 692 ·
164 653 299 747 ἠράσθη
320 655 451 745 χλιερὸν
472 656 561 724 πέδα
582 655 641 730 τὰς
662 653 800 743 τροπάς.

209 755 284 828 ούτι
305 759 366 848 γὰρ
389 756 427 827 ού
449 758 487 827 τὸ
511 758 704 848 τετυγμένον
727 756 835 839 ἔσθει,

209 861 295 930 ἀλλὰ
317 861 358 931 τὰ
381 860 476 932 κοινὰ
499 856 572 950 μα’ρ,
595 861 705 950 ὥςπερ
726 859 744 928 ὃ
769 863 874 946 δᾶμος

168 965 307 1054 ζατεύει.

61 1097 165 1168 Quae
192 1094 315 1174 stropha
344 1102 447 1155 utrum
475 1114 514 1154 ex
537 1102 654 1174 septem
678 1091 822 1154 versibus
849 1093 1033 1169 constiterit,
1065 1091 1104 1151 ita
1133 1102 1168 1152 ut

66 1199 175 1259 verbo
199 1189 327 1276 ζατεύει
346 1197 403 1257 alia
427 1198 551 1276 stropha
575 1197 715 1278 incipiat,
742 1216 782 1257 an
798 1204 863 1257 octo
880 1195 1022 1256 habuerit
1044 1213 1162 1273 versuS,

65 1320 212 1382 quorum
229 1309 356 1363 octavus
372 1309 454 1362 esset
470 1301 619 1378 heroicus,
647 1302 797 1361 incertum
814 1308 870 1378 est,
892 1297 1045 1378 siquidem
1062 1298 1093 1356 in
1108 1297 1167 1358 alio

67 1406 172 1466 huius
194 1405 337 1465 carminis
361 1405 488 1466 metrive
511 1405 682 1484 fragmento
708 1404 836 1464 ultimus
862 1403 912 1462 ille
937 1419 1045 1463 versus
1068 1419 1166 1480 aeque

68 1509 257 1570 hexameter
272 1527 358 1585 osse,
385 1527 421 1567 ac
443 1516 620 1569 tetrameter
635 1526 705 1569 cum
721 1515 808 1587 parte
824 1506 983 1583 sequentis
1000 1504 1167 1565 catalectici

67 1620 189 1690 potest.
230 1611 264 1673 ld
294 1612 498 1694 fragmentum
529 1611 684 1672 invenitur
714 1628 744 1690 p.
775 1610 823 1670 ll.
857 1627 896 1668 ex
926 1605 1082 1669 Athenaeo
1113 1608 1162 1667 ΧΙ.

67 1736 105 1797 p.
132 1715 203 1775 498.
225 1717 255 1775 F.

165 1827 311 1896 πολλάκι
332 1825 364 1896 δ’
387 1829 422 1897 ἐν
443 1833 609 1919 κορυφαῖς
632 1824 744 1917 ὀρέων,
769 1826 832 1895 ὅκα

209 1935 341 2000 θεοῖσιν
363 1930 427 2022 ἅδῃ
451 1931 648 2023 πολύφανος
669 1929 780 2020 ἑορτά,

165 2035 302 2123 χρύσεον
325 2028 426 2124 ύχχος
447 2032 574 2120 ἔχοισα,
596 2034 700 2123 μέγαν
722 2033 861 2125 σκύφον,

208 2127 264 2205 οἷά
287 2164 323 2206 τε
346 2137 503 2223 ποιμένες
525 2134 644 2228 ἄνδρες
666 2136 807 2223 ἔχουσιν,

206 2241 299 2329 χερσὶ
321 2239 471 2310 λεόντεον
493 2239 527 2309 ἓν
547 2241 631 2330 μάλα
654 2246 769 2323 θεῖσα,

164 2345 261 2433 τυρὸν
286 2341 444 2434 ἐτύρησας
463 2344 567 2433 μέγαν
589 2339 737 2434 ἄτροφον
760 2342 925 2434 ἀρχύφεόν
948 2371 993 2412 τε.

70 2477 248 2551 Vtrumque
272 2471 478 2552 fragmentum
501 2472 546 2532 sic
567 2470 765 2532 emendatum
788 2469 860 2532 dedi
881 2471 912 2531 in
937 2472 1017 2532 Diar.
1037 2472 1093 2533 litt.
1114 2474 1166 2532 le-

71 2595 167 2638 nens.
194 2579 282 2636 1816.
303 2594 343 2636 m.
362 2572 492 2654 August.
516 2594 546 2634 n.
569 2575 639 2634 lat.

164 2804 284 2887 §595
321 2807 499 2868 Alcmanem
520 2808 702 2887 Hephaestio
724 2822 755 2887 p.
777 2796 816 2866 7l
839 2806 949 2888 (lat).
976 2809 1067 2867 etiam
1092 2826 1165 2868 car-

73 2914 159 2973 mina
176 2932 215 2972 ex
231 2910 474 2991 quattuordecim
490 2911 623 2991 strophis
639 2911 798 2993 scripsisse
814 2911 871 2989 ait,
897 2929 1029 2990 quarum
1046 2921 1164 2992 septem
1262 2957 1265 2963 .

73 3017 261 3098 posteriores
276 3015 335 3075 alio
351 3022 447 3074 metro
463 3024 576 3092 essent,
597 3033 691 3094 quam
707 3014 833 3093 priores.

164 3244 278 3327 §otto
313 3247 411 3308 Simili
428 3246 518 3309 modo
533 3257 641 3329 poetae
656 3247 804 3326 bucolici,
831 3257 963 3309 metrum
980 3247 1107 3327 quidem
1123 3249 1166 3309 illi

72 3351 160 3414 idem
176 3361 352 3428 servantes,
377 3349 433 3411 sed
449 3352 603 3412 variantes
619 3352 650 3411 in
667 3350 856 3431 longitudine
873 3352 1083 3431 stropharum,
1102 3352 1165 3413 ali-

72 3464 153 3535 quot
175 3455 308 3532 strophis
334 3473 373 3514 ex
398 3463 480 3515 certo
501 3473 651 3515 versuum
673 3472 801 3516 numero
827 3455 1001 3534 compositis
1024 3455 1098 3516 alias
1127 3475 1167 3514 cx

73 3559 220 3641 pluribus
238 3558 286 3619 vel
302 3556 500 3634 paucioribus
516 3557 659 3618 versibus
676 3558 770 3618 lactas
785 3557 964 3636 subiiciunt,
984 3576 1065 3636 quae
1081 3576 1166 3619 nunc

74 3680 171 3724 versu
186 3661 373 3738 intercalari,
401 3663 454 3740 qui
470 3669 612 3738 vocatur,
640 3661 721 3720 utin
737 3661 836 3742 primo
856 3669 887 3721 et
908 3659 1046 3722 secundo
1062 3661 1166 3721 Theo-

72 3765 144 3825 criti
166 3763 315 3841 carmine,
342 3782 425 3824 nunc
445 3765 537 3824 etiam
560 3763 620 3823 fine
636 3764 795 3842 orationis,
823 3764 905 3825 utin
921 3765 1009 3826 tertio
1017 3749 1035 3843 ,'
1050 3763 1166 3825 distin-

72 3874 225 3948 guuntur.
259 3866 309 3926 Sic
331 3868 363 3927 in
378 3865 516 3927 seeundo
531 3868 667 3927 carmine
688 3874 754 3928 octo
777 3868 918 3947 strophas
934 3868 1072 3948 quinque
1089 3886 1165 3928 ver-

71 3988 168 4032 suum
185 3978 360 4047 sequuntur
375 3968 522 4030 tredecim
538 3969 680 4047 strophae
697 3987 752 4030 sex
768 3955 926 4030 versuum.
959 3971 1052 4050 Magis
1070 3973 1166 4032 variat

73 4089 226 4135 numerus
248 4090 395 4133 versuum
417 4075 449 4133 in
469 4074 568 4153 primo
589 4073 741 4151 carmine,
768 4073 912 4135 turbatus
928 4073 994 4152 ille,
1022 4081 1056 4135 ut
1071 4073 1165 4134 vide-

70 4188 143 4255 tur,
169 4175 201 4234 in
217 4173 407 4257 quibusdam
423 4176 556 4258 strophis
572 4175 765 4238 librariorum
789 4176 889 4259 culpa.
924 4177 958 4240 ln
981 4177 1069 4239 tertio
1092 4195 1164 4238 car-
