2804 4912
388 338 425 380 ou
440 338 516 398 tusi,
534 336 629 398 ruer,
649 339 684 380 m
700 337 849 383 insonter.
1147 319 1167 381 3

79 489 158 549 Nam
172 506 276 568 neque
291 508 402 552 mussa
416 490 536 569 effectu,
553 510 653 570 neque
669 491 797 553 effectus
812 508 921 552 caussa
933 500 988 552 aut
1002 492 1098 552 maior
1111 499 1166 553 aut

78 584 272 653 minorOesse
291 601 400 671 potest.
433 593 539 665 Quum
559 595 642 655 enim
664 596 763 656 omnis
786 596 928 673 mutatio,
955 612 1018 674 qua
1031 594 1167 654 cernitur

78 694 226 774 effectus,
256 714 297 756 ex
321 696 464 758 conflictu
486 698 597 758 virium
625 699 835 778 oppositarum
861 699 991 773 oriatur3
1021 694 1165 775 aequales

77 807 184 860 autem
208 799 289 861 vires
311 799 371 861 sibi
393 802 550 882 oppositae
570 818 603 861 so
625 802 711 879 ipsae
735 802 912 880 cohibeant,
938 819 996 863 nec
1011 799 1075 860 fieri
1091 817 1166 859 nm·

77 903 227 962 tationem
242 903 416 982 patiantur:
435 922 562 966 necesse
576 911 633 984 est,
649 906 796 984 oppositis
807 902 1024 984 inaequalibus
1033 901 1162 980 viribus,

76 1014 202 1067 tantum
224 1008 363 1087 superari
385 1006 527 1086 alteram,
554 1017 705 1087 quantum
729 1008 823 1069 altera
847 1016 987 1089 superat:
1017 1024 1077 1086 qua
1101 1005 1166 1084 lege

78 1109 189 1171 nititur
202 1112 303 1173 omnis
317 1102 508 1189 mechanica,
535 1129 615 1191 quae
635 1121 772 1173 vocatur.
805 1109 895 1185 Quod
910 1113 936 1171 si
952 1129 1044 1191 saepe
1058 1110 1164 1170 effecta

80 1213 199 1274 caussis
218 1214 269 1274 vel
289 1215 402 1275 maiora
425 1215 475 1275 vel
499 1215 614 1275 minora
635 1213 797 1295 videntur,
823 1213 856 1276 id
879 1234 914 1275 eo
935 1215 985 1293 fit,
1011 1212 1095 1293 quod
1115 1212 1166 1272 vel

76 1333 183 1376 rerum
206 1315 368 1379 diversitas
389 1319 645 1396 comparationem
665 1337 727 1379 non
743 1317 891 1396 admittit,
918 1318 969 1380 vel
984 1317 1095 1379 virium
1111 1318 1165 1376 in-

76 1428 235 1481 crementa
257 1429 351 1500 atque
371 1420 591 1501 impedimenta
612 1421 718 1482 latent.
751 1419 838 1483 Vnde
853 1439 933 1501 quae
949 1422 1087 1482 nascitur
1103 1421 1165 1479 mi-

76 1523 164 1603 ratio,
180 1524 275 1585 simul
286 1533 317 1585 ct
328 1525 528 1605 ignorantiam
539 1533 686 1603 nostram,
701 1534 733 1586 et
743 1525 966 1602 necessitatem,
985 1540 1047 1605 qua
1059 1524 1164 1585 effecta

75 1627 266 1705 requirimus
281 1628 400 1689 caussis
415 1629 569 1708 aequalia,
595 1628 784 1709 comprobat.
818 1629 924 1707 ltaque
945 1645 1095 1689 numerus
1117 1635 1165 1688 est

75 1717 313 1792 efficientia
339 1749 409 1810 per
433 1731 726 1812 aequalitatem
749 1742 970 1810 temporum
993 1748 1163 1811 reprae-

79 1842 252 1894 sentata.
278 1833 393 1895 Eodem
406 1834 495 1896 modo
505 1853 668 1915 corporum
680 1835 871 1896 cohaerentia
887 1835 1071 1914 aequalitate
1087 1833 1164 1894 niti-

79 1944 139 1997 tur.
171 1936 250 1997 Nam
265 1955 369 2017 quum·
379 1938 570 2000 cohaerentia
587 1939 627 2000 sit
642 1939 816 1999 communio
831 1939 982 2017 partium,
1002 1955 1163 1998 commune
1252 1944 1255 1949 '

76 2048 181 2100 autem
201 2041 244 2102 sit
262 2039 353 2119 illud,
379 2040 462 2120 quod
484 2043 516 2101 in
536 2040 679 2103 omnibus
699 2041 842 2121 partibus
863 2040 945 2103 idom
965 2040 1087 2122 sibique
1107 2060 1165 2121 par

80 2151 144 2202 est:
155 2145 363 2206 necessarium
375 2153 431 2222 est,
448 2154 482 2206 ut
494 2146 695 2224 cohaerentia,
712 2165 791 2226 quae
803 2145 868 2207 sola
880 2164 1040 2226 corporum
1053 2146 1158 2224 figura,

83 2245 103 2304 i.
131 2264 157 2306 e.
180 2248 347 2327 spatiorum
370 2247 574 2327 descriptione
601 2250 805 2328 exprimatur,
838 2268 1000 2311 commune
1026 2247 1104 2310 illud
1131 2250 1162 2309 in

77 2352 302 2429 comparatione
333 2351 452 2430 aequali
484 2353 653 2431 spatiorum
682 2353 803 2414 haheat.
850 2353 955 2433 ltaque
984 2353 1161 2431 symmetria

74 2453 339 2515 cohaerentia
362 2463 409 2515 est
431 2473 500 2533 per
524 2456 818 2535 aequalitatem
843 2457 1070 2537 spatiorum
1093 2474 1162 2515 re-

72 2567 354 2636 praesentata.

159 2761 233 2847 §ih
266 2767 309 2827 lta
324 2768 468 2828 universa
480 2767 602 2828 numeri
617 2768 877 2847 symmetriaeque
895 2775 1003 2828 natura
1022 2765 1156 2846 definita,

72 2886 173 2947 quum
197 2867 238 2929 de
259 2871 547 2950 singulisnumeris
569 2870 736 2950 figurisque
759 2871 966 2949 symmetriois
991 2871 1156 2950 loquimur,

72 2988 225 3034 uumerus
247 2982 295 3035 est
315 2973 443 3054 imago
465 2973 588 3035 seriei
611 2973 848 3054 effectuum,
874 2991 1066 3053 expressa
1089 2992 1161 3053 per

76 3075 358 3154 aequalitatem
388 3084 623 3157 temporum;
663 3080 840 3157 symmetria
870 3086 993 3156 autem,
1034 3078 1161 3156 imago

78 3178 198 3240 seriei
214 3180 522 3244 cohaerentium
541 3183 730 3262 partium,
756 3183 983 3260 spatiorum
1004 3200 1160 3260 aequa-

73 3279 194 3343 litate
216 3301 423 3363 expressa.

521 3585 635 3654 cAP.
652 3585 706 3654 11.

260 3735 334 3833 'De
362 3736 469 3821 arsi,
498 3735 632 3822 thesi,
661 3747 704 3806 et
730 3737 946 3807 auacrusi.

158 3901 253 3985 510.
279 3905 527 3967 Demonstratum
538 3914 595 3984 est,
614 3907 790 3986 primariam
805 3908 925 3968 numeri
936 3905 1159 3985 symmetriae-

68 4026 135 4087 que
150 4006 249 4087 legem
264 4008 493 4088 inaequalitate
504 4018 677 4090 temporum
688 4011 918 4089 spatiorumque
929 4009 1063 4089 positam
1075 4025 1153 4068 esse.

68 4109 136 4171 Sed
150 4111 210 4172 etei
223 4111 291 4172 sine
305 4111 362 4172 hac
377 4112 560 4191 aequahtato
579 4132 637 4174 nec
657 4131 805 4175 numerus
820 4113 943 4191 cogitari
958 4118 1075 4191 potest,
1101 4128 1158 4169 nec

67 4215 268 4293 symmetria,
294 4224 396 4275 tamen
417 4216 471 4294 qui
486 4234 650 4295 numerum,
677 4235 795 4295 quaeve
817 4216 991 4292 symmetria
1014 4213 1074 4275 hac
1093 4213 1157 4273 sola

911 4333 922 4382 1
933 4333 948 4367 t*
