2804 4912
180 267 241 329 116
566 285 623 328 ιιι.
642 286 674 328 ιι.
708 285 770 328 ειν.
789 284 880 329 xxix.-

263 436 379 521 3347.
412 440 723 519 Pentametrum,
742 440 856 501 rectius
869 444 1098 514 tetrametrum,
1113 440 1216 495 acata-

177 545 336 606 lectum.
374 542 513 623 Sappho:
641 557 647 574 ·

262 654 395 749 ἧράμαν
414 657 476 743 μέν
498 656 562 746 ἐγώ
584 656 694 742 σέθεν,
715 651 828 740 Άτθέ,
850 653 960 723 πάλαι
980 652 1082 722 cdxc.

177 783 308 847 Alcaeus
322 803 373 865 ap.
391 781 546 866 Aristoph.
564 784 655 865 Vesp.
677 783 769 850 ⁴232.
796 784 920 845 Theocr.
939 800 1034 843 carm.
1054 780 1153 843 XXIX.

262 987 378 1073 5348.
415 991 712 1072 Hexametrum,
738 992 851 1054 rectius
873 997 1115 1071 pentametrum
1137 990 1221 1046 catt-

176 1096 368 1158 lecticum
396 1096 435 1156 in
463 1094 731 1175 disyllabum,
765 1113 859 1175 quem
884 1094 1001 1155 metrici
1025 1100 1142 1154 veteres
1166 1077 1222 1156 duos

174 1190 343 1261 Αἰολικὸν
355 1208 482 1260 vocant:

261 1311 404 1400 κέλσμαί
423 1339 498 1382 τινα
519 1311 577 1382 τὸν
596 1311 753 1402 χαρίεντα
774 1309 920 1382 Μένωνα
941 1309 1113 1392 καλέσσαι,

261 1415 294 1487 εἰ
314 1416 375 1510 χρὴ
397 1413 589 1504 συμποσίας
610 1411 662 1486 ἐπ’
686 1411 800 1485 ’όνασιν
822 1415 896 1503 ἐμοὶ
917 1419 1124 1505 γεγενῆσθαι.

260 1622 382 1710 5349.
422 1631 544 1710 Plures,
577 1639 608 1691 et
636 1628 786 1710 quosdam
811 1628 991 1711 praelongos
1016 1627 1111 1689 huius
1135 1616 1226 1705 geneth

174 1752 297 1814 versus,
331 1734 388 1797 sed
417 1731 560 1794 admissis
586 1733 694 1796 Dorico
723 1753 806 1795 more
836 1733 928 1795 etiam
958 1729 1119 1811 spondeiS,
1149 1719 1226 1808 potul

173 1833 343 1918 Aeschylus
365 1838 397 1897 in
419 1837 517 1899 Persis
539 1857 569 1899 v.
591 1838 662 1899 866.
682 1855 769 1918 seqq.
795 1834 835 1898 de
857 1835 971 1916 quibus
992 1853 1022 1897 v.
1041 1834 1138 1896 Elem.
1156 1829 1181 1892 d.
1195 1842 1223 1887 n.

173 1959 204 2019 p.
225 1943 296 2004 363.
316 1958 403 2021 seqq.

571 2343 685 2415 eff.
703 2345 853 2414 mx.

385 2494 444 2566 De
471 2494 713 2591 dactylicis
740 2494 1030 2590 logaoedicis

257 2660 372 2745 5350.
404 2665 769 2746 Logaoediciversus
785 2666 857 2729 dicti
872 2674 960 2744 sunt,
986 2665 1040 2744 qui
1056 2662 1095 2724 ob
1112 2656 1239 2742 dactylid
1272 2710 1274 2715 .

171 2776 202 2828 et
216 2768 360 2831 trochaici
374 2770 495 2831 numeri
511 2772 754 2833 coniunctionem
770 2767 863 2832 medii
885 2771 963 2831 inter
978 2775 1104 2829 cantum
1119 2773 1152 2827 et
1166 2782 1242 2827 cour·

170 2890 297 2932 munem
319 2891 491 2934 sermonem
514 2872 703 2936 viderentur.
734 2874 768 2934 ln
791 2892 852 2954 quo
872 2891 983 2954 genere
1003 2871 1093 2931 metri
1109 2868 1245 2950 quoniam

170 2972 284 3055 dactyli
306 2985 338 3036 et
358 2977 492 3039 trochaei
514 2995 576 3040 uno
598 2977 705 3040 ordine
724 2976 878 3056 pericdico
901 2975 1136 3055 continuantur,
1162 2988 1249 3054 puros

170 3079 344 3141 conservari
360 3077 499 3161 dactylos
514 3090 754 3144 consentaneum
769 3087 827 3142 est.

254 3284 369 3367 5351.
399 3288 583 3368 Plerumque
597 3287 722 3352 duobus
737 3287 886 3350 trochaeis
902 3286 1117 3347 terminantur.
1146 3288 1187 3350 Vt
1200 3286 1256 3349 hl·

169 3390 272 3452 caicus
290 3410 398 3453 versus
413 3392 499 3475 apud
514 3393 785 3473 Hephaestionem:

254 3503 313 3572 καί
333 3531 385 3586 τις
407 3501 460 3574 ἐπ’
483 3505 689 3591 έσχατιαῖσιν
711 3503 826 3589 οἰκεῖς,

167 3639 198 3691 et
213 3632 397 3694 Praxilleus:

253 3738 279 3812 α’
304 3745 362 3815 διὰ
383 3753 450 3814 τῶν
470 3745 622 3836 θυρίδων
642 3748 743 3817 καλὸν
766 3745 985 3835 ἔμβλέπσισα,

252 3849 403 3938 παρθένε
425 3849 485 3920 τὰν
506 3850 667 3945 nequi-dv,
689 3851 732 3921 τὰ
754 3847 783 3918 δ’
806 3848 923 3940 ἔνερθε
944 3850 1066 3944 νύμφα.

251 4058 363 4144 5352.
382 4065 507 4127 Formae
519 4064 1088 4146 logaoedicaeinveniunturplurimae.
1108 4063 1260 4150 Aeschy-

167 4165 214 4228 lus
235 4168 266 4228 in
287 4168 385 4230 Prom
408 4171 478 4231 465.
498 4187 663 4230 numerum
683 4167 819 4231 condidit
840 4188 880 4229 ex
897 4168 1045 4230 trochaico
1061 4184 1260 4236 monometro
