2804 4912
159 276 220 338 232
554 294 610 335 mn.
630 294 674 335 ru.
702 293 764 334 clr.
782 292 863 334 κιαι.

161 450 251 523 Quod
263 451 350 528 peius
367 451 458 510 etiam
471 449 514 524 lit,
535 466 607 508 voce
620 446 757 508 enclitiea
771 448 803 507 in
814 447 964 527 principie
976 445 1112 509 secundi
1124 445 1250 507 membri

158 554 256 635 posita
267 574 272 611 :

245 680 450 768 ἀτόλματον·
473 679 639 767 ἄλλό-μοι
660 683 762 767 δεῖμα
783 680 844 765 μὲν
867 679 1132 770 παροιχόμενον.
1294 778 1296 817 Ι

246 944 361 1027 ξ627.
388 950 455 1021 Quo
473 949 568 1027 magis
583 958 687 1009 autem
703 946 842 1007 membra
858 946 928 1006 talia
945 956 1036 1026 suut,
1064 955 1103 1008 ut
1118 948 1251 1027 singulos
1293 918 1296 963 ί

160 1071 269 1114 versus
281 1054 465 1114 constituere
477 1051 652 1129 videantur,
671 1052 691 1111 i.
708 1071 734 1112 e.
752 1069 812 1128 que
828 1049 947 1111 lucilius
959 1069 1061 1131 pausa
1077 1051 1186 1130 aliqua
1201 1051 1251 1114 di·
1294 1050 1296 1057 '

160 1157 273 1235 stingui
287 1156 459 1236 postulant,
486 1163 571 1217 tante
587 1155 681 1234 magis
698 1154 768 1215 illae
784 1161 905 1215 tantum
921 1152 1093 1216 divisiones
1110 1155 1251 1218 voeabu-

160 1260 259 1320 lorum
275 1258 468 1320 adhibendae
484 1268 567 1339 sunt,
583 1278 663 1339 quae
680 1258 840 1318 minimum
853 1256 1030 1319 offensionis
1043 1258 1201 1320 habeant:
1220 1268 1252 1321 ut

160 1364 191 1423 in
207 1360 315 1424 Aesch.
335 1361 440 1442 Agam.
463 1364 556 1424 ll77.

245 1496 379 1579 δαῖμον,
404 1489 442 1573 ὃς
464 1494 635 1578 ἐμπιινεῖς
657 1493 790 1578 δώμασι
812 1492 869 1560 καί
891 1490 1006 1583 διφυί-

246 1622 316 1667 οισι
342 1595 611 1665 Τανταλίδαισιν.

244 1861 268 1940 ᾗ
282 1858 360 1925 628.
388 1863 464 1923 llinc
476 1862 663 1942 intelligitur,
683 1881 739 1924 eur
753 1863 785 1922 in
797 1861 985 1942 quibusdam
998 1864 1150 1926 versibus
1161 1883 1250 1946 saepe

160 1966 200 2024 ita
214 1967 375 2026 coniuncta
392 1966 454 2026 sint
466 1965 615 2044 membra,
635 1975 669 2027 ut
681 1985 772 2028 voces
784 1968 875 2027 etiam
891 1966 927 2026 iis
940 1964 1040 2026 medis
1053 1965 1246 2046 dividantur,

149 2069 213 2145 ‹qui
229 2068 332 2147 aliter,
352 2071 371 2128 i.
391 2087 417 2128 e.
440 2070 551 2130 maiore
567 2087 664 2150 pausa
680 2070 775 2148 lacta,
802 2068 995 2149 improbandi
1010 2080 1129 2130 essent.
1164 2072 1250 2144 Quod

160 2169 193 2230 lit
209 2173 341 2232 maxime
356 2173 388 2232 in
401 2172 543 2234 versibus
560 2173 600 2233 ab
611 2174 779 2253 antispasto
791 2171 1019 2253 incipientibus,
1036 2183 1069 2233 et
1084 2174 1118 2233 in
1135 2176 1185 2253 iis,
1200 2178 1250 2256 qui

159 2272 222 2334 due
251 2275 492 2354 penthemimere
521 2275 652 2336 iambica
682 2278 848 2338 continent.
885 2275 1059 2353 Aeschylus
1089 2277 1179 2358 Sept.
1214 2278 1250 2340 ad

160 2375 256 2435 Theb.
279 2378 349 2437 ldl.
369 2377 449 2439 Pers.
471 2380 542 2438 288.
562 2377 667 2458 Agam.
686 2380 756 2440 217.
774 2383 846 2441 200.
866 2397 931 2458 seq.

244 2501 365 2596 ι’ίρηξον
386 2510 509 2576 όα-’ίισν
532 2508 666 2578 όίλαισιν.

245 2607 378 2678 ἔκτισαν
400 2606 546 2692 ιόνι-όας
567 2609 618 2702 ἠδ’
645 2609 836 2703 ἀνάνδρους.

243 2712 385 2798 μιαίνων
407 2715 770 2807 παρθενοσφάγοισιν.

244 2817 347 2884 πνοαί
368 2814 398 2885 δ’
422 2815 493 2886 αἰιό
514 2822 720 2908 Στρο-μόνος
740 2824 918 2905 μολοῦσαι,

244 2920 444 3005 κακόσχολοι
466 2921 632 3027 κη’-στιόρς
654 2921 824 3012 όόςορμοι.

242 3181 266 3262 ὅ
280 3179 357 3247 629.
384 3186 522 3266 Denique
534 3188 566 3247 in
582 3189 730 3249 membris
743 3208 888 3251 versuum
909 3188 1141 3268 distinguendis
1159 3197 1251 3258 etiam

159 3303 269 3346 sensus
286 3288 381 3349 multe
397 3306 457 3350 usu
473 3289 621 3352 subactus
637 3294 762 3372 acrique
778 3292 888 3355 iudicio
904 3294 1107 3354 confirmatus
1123 3297 1250 3359 accedat

159 3406 284 3449 necesse
300 3400 364 3469 est,
391 3394 443 3469 qui
460 3393 534 3471 quid
551 3396 716 3474 usitatum,
743 3396 818 3475 quid
833 3405 957 3476 aptum,
984 3394 1060 3474 quid
1077 3410 1249 3462 venustum

84 3544 87 3548 ,
158 3491 207 3567 sit,
227 3490 312 3552 laeile
328 3495 562 3575 animadvertat,
582 3497 805 3579 diligenterque
820 3497 985 3580 expendat.
1014 3501 1170 3579 Exemplo
1186 3523 1250 3565 rem

158 3592 327 3754 {illustrabe
376 3599 408 3657 ln
441 3600 533 3679 Seph.
567 3601 642 3662 Oed.
677 3605 711 3664 R.
741 3606 812 3664 tte.
854 3601 1032 3663 Erlurdtins
1063 3604 1106 3665 ita
1139 3626 1250 3670 versus

180 3695 310 3756 istinxit:

244 3839 282 3908 οιί
305 3844 362 3910 τὸν
383 3847 517 3917 πάντων
538 3855 732 3921 θεῶν-θεόν
754 3853 884 3943 πρόμον

219 3944 366 4012 Ἅλιον·
391 3949 466 4018 ἐπεὶ
487 3947 604 4036 tiseos,
627 3998 642 4007 -
667 3952 803 4048 ι’ίφιλος,
829 3956 849 4025 ίί
870 3984 901 4024 ιι
924 3954 1078 4041 πόμαιον

244 4046 397 4134 ὀλοίμαν,
421 4054 601 4144 φρόνη-σιν
624 4058 654 4127 εί
676 4058 767 4129 τόνδ’
792 4060 865 4147 ἔχω,
