2804 4912
155 289 215 351 118
542 309 599 351 trs.
618 308 650 351 u.
684 308 747 352 aar.
766 307 842 351 xxix.

153 460 239 523 Pind.
262 460 310 521 Ol.
330 460 407 523 XIV.

239 575 313 643 αἵτε
334 570 444 642 ναίετε
466 570 680 642 καλλίπωλον
701 571 811 663 ἕδραν.

153 703 187 762 ln
206 700 275 763 basi
296 718 357 762 non
377 701 503 761 memini
524 701 735 782 pyrrhichium
754 701 904 763 invenire.
939 702 1041 764 Ceteri
1056 699 1144 782 pedes
1155 702 1207 780 puri

152 811 325 867 servantur.
358 803 497 865 Catullus
519 804 551 863 in
574 803 637 864 salo
660 805 795 865 carmine
817 807 890 885 LV.,
916 803 958 866 ad
980 805 1066 886 qued
1084 806 1209 885 pertinere

152 909 245 970 etiam
267 906 373 968 decem
394 926 521 987 versus,
549 908 602 987 qui
622 907 654 966 in
670 905 774 968 codice
793 928 825 989 p.
846 911 896 987 28,
921 910 955 970 il
969 910 1060 970 -30.
1078 908 1212 989 leguntur,

152 1012 367 1073 Lachmannus
388 1011 519 1092 monuit,
545 1011 705 1090 aliquoties
717 1029 780 1097 pro
796 1010 916 1091 dactylo
931 1011 1106 1092 spondeum
1119 1012 1217 1091 pauit,

154 1113 194 1177 de
204 1114 358 1177 industria
372 1115 448 1196 ipsis
462 1108 599 1176 numeris
615 1133 649 1176 se
661 1112 820 1194 fatigatum
832 1113 1034 1195 quaeritando
1050 1112 1227 1178 ostendens:
1262 1176 1264 1183 ,

171 1291 174 1296 .
239 1232 362 1297 eremas
377 1236 405 1298 si
418 1232 496 1314 sorte
510 1253 569 1296 aaa
584 1235 736 1296 οτοῑεειαοτ
751 1242 804 1297 est.
921 1230 925 1237 ’

154 1357 199 1418 Εο
220 1354 272 1417 ille
287 1355 417 1418 Graecos
440 1357 582 1417 metricos
597 1354 758 1435 refutavit,
785 1354 838 1436 qui
861 1354 997 1436 spondeo
1018 1354 1150 1419 admisso
1167 1369 1250 1417 nen

154 1467 297 1540 poterant
311 1460 391 1521 hanc
405 1459 498 1522 huius
513 1458 602 1521 metri
617 1457 747 1523 formam
761 1461 964 1522 constituere:

154 1584 157 1592 “
242 1593 339 1627 -υ.υ
351 1575 356 1665 ¹
368 1591 463 1627 υ.υ.
476 1576 480 1664 l
493 1592 542 1626 υ.

239 1695 289 1729 V.

241 1797 293 1833 W

154 2013 189 2072 ln
211 2009 320 2074 eodem
335 2009 447 2073 Catulli
469 2010 619 2091 carmine,
645 2009 729 2090 qued
750 2009 823 2073 alibi
841 2011 1048 2093 neumatum,
1074 2014 1155 2077 basis
1170 2008 1257 2075 tri-

157 2114 307 2176 brachum
322 2112 417 2175 habet
430 2114 463 2173 in
478 2114 535 2175 hoc
549 2131 659 2176 versu:

245 2233 416 2297 cummium
430 2233 507 2296 mili
517 2234 666 2315 pessimae
678 2183 806 2316 paellae

155 2354 242 2417 Idem
255 2364 345 2436 poeta
359 2354 500 2418 ultimam
514 2373 625 2418 versus
639 2355 828 2436 hypermetn‘
843 2356 994 2437 syllabam
1010 2359 1042 2420 in
1057 2364 1238 2441 sequentem

157 2477 283 2522 versum
298 2459 379 2521 elisit
393 2461 454 2521 XL.
476 2461 504 2522 l.
519 2453 522 2459 ’

243 2597 393 2662 quaenam
408 2587 436 2642 te
451 2580 536 2642 mala
550 2597 643 2660 mets,
662 2579 773 2643 ονίοολτ
788 2580 911 2661 fluvida,

243 2684 326 2765 uryit
337 2683 532 2764 praecipitem
547 2683 580 2745 in
594 2701 673 2747 meos
688 2683 814 2747 iambos.

242 2889 266 2971 ἦ
281 2886 359 2955 357.
384 2887 479 2971 Apud
493 2891 621 2972 tragicos
635 2909 729 2973 saepe
744 2892 793 2954 hic
807 2911 917 2957 versus
931 2894 1099 2976 invenitur,

243 3004 429 3098 δηξλλυμον
452 3003 571 3096 ἔρωτος
593 2999 708 3087 ἄνθος.

156 3133 267 3196 Aesch.
291 3131 346 3214 Ag.
371 3130 444 3196 752.
484 3135 543 3208 Qui
569 3134 624 3198 ubi
649 3134 788 3198 iambum
813 3137 864 3198 vel
889 3134 1063 3217 spondeum
1091 3139 1134 3201 ab
1160 3140 1233 3203 initia
1261 3140 1264 3149 '

157 3237 260 3315 habet,
278 3235 435 3299 interdum
450 3256 512 3299 nan
528 3237 731 3320 lagaoedicus,
751 3239 807 3302 sed
821 3240 879 3302 hcc
892 3258 1022 3303 numero
1037 3250 1096 3323 est,

243 3351 343 3402 ULLU
357 3354 361 3442 Ι
373 3355 495 3404 cdv-v

156 3477 266 3542 Aesch.
286 3477 342 3560 ng.
362 3476 433 3540 749.
455 3466 527 3539 762.

244 3589 430 3661 ἀκασκαῖον
451 3585 584 3681 ὅγαλμα
606 3591 753 3661 πλούτου

243 3701 456 3783 τεκνοῦσθαι,
481 3692 556 3787 μηδ’
580 3689 712 3764 &caede
734 3695 899 3790 θνήσκειν.

243 3908 267 3990 ἦ
289 3904 367 3974 358.
404 3909 469 3971 Vna
490 3908 612 3990 syllaba
633 3909 750 3991 longior
771 3866 821 3974 hic
841 3920 889 3976 est
911 3912 995 3993 apud
1019 3916 1110 3981 Pind.
1140 3922 1247 3987 lsthm.

158 4015 219 4077 Vll.
239 4013 328 4094 epod.
350 4017 378 4074 l.
1052 4022 1056 4027 ’

243 4123 370 4220 μορίων
391 4125 518 4217 ἑτάρων
539 4127 573 4208 ἐς
594 4127 708 4220 Ἄργος
731 4129 862 4198 ἵππιον.
