2804 4912
527 183 564 226 οι
579 180 713 224 vrrsrrrrs
727 178 915 223 occulitur.
1230 158 1268 220 87

154 339 265 399 miaci
291 339 327 399 in
350 358 449 401 unum
471 356 596 399 versum
619 335 861 415 coniunguntur,
890 333 944 412 qui
969 348 1115 393 mensura
1141 349 1269 409 prorsus

154 459 227 522 par
244 448 303 502 est
317 448 494 503 tetrametro
509 440 684 518 Bacchum,
702 437 759 500 sed
773 455 902 512 numero
917 434 1164 498 diversissimus:

263 554 706 645 uLlleL-nvLi.'¹uL.

157 679 293 744 Aesch.
314 682 404 744 Eum.
426 681 497 742 791.
518 682 590 740 861.

265 795 432 884 στενάζως
452 793 488 864 τέ
508 796 611 887 ῥέξας
633 792 796 882 γένωμαις
819 790 986 872 δέςοιστα.

120 932 127 977 ι·
161 922 238 985 Sed
255 941 354 1002 saepe
369 924 461 984 etiam
476 921 643 982 solutiones
659 919 767 983 habet:
787 920 893 996 Eurip.
914 916 1022 979 Troad.
1044 921 1115 981 320.
1137 922 1208 980 336.

120 980 130 1133 i
264 1032 446 1128 ἀναφλέγω
468 1033 575 1124 πυρὸς
596 1039 670 1126 φῶς
691 1033 726 1113 ές
747 1030 861 1122 αὐγάν,
887 1032 921 1110 ές
943 1027 1070 1120 αἴγλαν.

263 1137 450 1230 μακαρίαις
471 1134 607 1217 ἀοιδαῖς
629 1136 763 1222 ἰακχαῖς
782 1163 819 1205 τε
840 1143 983 1227 νύμφαν.

263 1350 382 1434 9258.
415 1354 449 1413 ln
465 1353 526 1413 fine
541 1359 645 1413 autem
660 1359 715 1412 aut
728 1351 776 1412 his
792 1351 1058 1432 hypercatalectis,
1083 1360 1137 1413 aut
1151 1353 1267 1434 vulga-

162 1457 267 1520 ribus
293 1455 442 1518 doohmiis
463 1475 560 1519 uuum
582 1454 672 1517 adiici
694 1455 855 1516 Bacchium
878 1455 952 1515 nihii
976 1455 1126 1535 prohibet.
1163 1457 1207 1517 ita
1234 1458 1265 1518 iu

163 1560 282 1622 Rheso
297 1580 328 1620 v.
349 1561 420 1620 7116.
444 1559 513 1642 (nisi
527 1558 557 1618 hi
575 1577 646 1620 vere
662 1558 816 1620 Bacchiaci
832 1556 913 1638 sunt)
929 1579 934 1619 :

263 1674 378 1752 δοκεῖς
399 1671 478 1762 γάρς
498 1670 534 1741 τέ
552 1671 617 1763 μὴν
638 1665 697 1755 ον’ές
718 1669 847 1760 θρασὺς
868 1676 947 1760 γοῦν
968 1671 1002 1751 ές
1023 1670 1119 1762 ἡμᾶς.

262 1772 327 1844 τίν’
350 1773 468 1868 ἅλκήνς
489 1772 551 1845 τίν’
574 1773 698 1858 αἰνεῖςς
718 1771 866 1866 Ὀδυσσῆ.

167 1907 252 1968 Nam
268 1906 296 1965 is
312 1904 458 1965 Bacchius
475 1923 534 1964 non
551 1909 702 1984 repugnat
720 1920 849 1962 numero
870 1901 1060 1983 dochmiaco‚
1087 1905 1159 1984 quia
1175 1915 1265 1966 cata-

124 2002 129 2009 ’
171 2008 253 2070 iexis
278 2005 454 2070 dochmiaca
476 2016 533 2068 est.
567 2008 699 2091 Omnino
719 2007 801 2067 enim
817 2005 1000 2068 dochmiacis
1019 2009 1039 2067 ii
1063 2007 1125 2068 iere
1141 2012 1263 2070 numeri

178 2112 409 2191 consociantur,
443 2112 497 2191 qui
526 2119 630 2190 partes
659 2129 727 2172 esse
757 2110 951 2172 dochmiacae
982 2110 1142 2173 videntur:
1180 2112 1264 2192 quod

173 2212 286 2278 eodem
302 2214 394 2277 modo
409 2215 444 2276 fit
458 2216 489 2275 in
505 2214 675 2294 Glyconeis

261 2417 378 2501 5259.
409 2423 485 2483 ilinc
500 2421 644 2502 explicari
659 2430 761 2503 potest
775 2423 884 2486 Cretici
901 2425 986 2502 ratio,
1006 2424 1059 2502 qui
1075 2442 1167 2502 saepe
1183 2442 1263 2483 con-

167 2527 314 2607 iungitur
336 2525 478 2588 versibus
504 2526 706 2605 dochmiacis‚
740 2545 824 2587 nunc
853 2536 887 2587 ut
916 2525 1097 2606 praecedat,
1123 2545 1207 2588 nunc
1229 2537 1264 2588 ut

165 2639 335 2712 sequatur.
366 2630 472 2711 Eurip.
492 2631 578 2691 Herc.
599 2630 619 2690 i.
641 2630 712 2689 891.
739 2626 847 2690 Aesch.
868 2631 898 2690 S.
919 2629 959 2691 ad
975 2630 1030 2690 Th.
1052 2632 1102 2691 95.

262 2741 359 2811 δάϊον
379 2745 481 2830 μέλος
505 2743 712 2814 ἐπαυλεῖται.

261 2844 388 2939 πότερα
411 2844 478 2938 δῆτ’
502 2846 563 2936 e'yoi
587 2845 763 2915 ποτιπέσω
785 2845 884 2936 βρέτη
907 2845 1084 2932 δαιμόνων.

165 2976 207 3037 Et
222 2975 365 3037 Creticus
385 2973 511 3054 quidem
527 2993 676 3035 numerus
691 2974 835 3052 quoniam
851 2974 1025 3036 simillimus
1046 2983 1094 3034 ost
1116 2975 1168 3035 imi
1187 2994 1261 3036 ver-

163 3097 225 3141 sus
244 3075 427 3156 dochmiaoi‚
450 3096 505 3156 pcr
521 3096 630 3139 senon
646 3087 799 3158 repugnat
813 3097 943 3138 numero
958 3076 1142 3139 dochmiaco.
1174 3077 1264 3139 Vnde·

160 3200 278 3262 saepe,
298 3183 351 3260 qui
370 3199 439 3241 vere
456 3183 593 3244 Creticus
609 3200 758 3243 numerus
773 3191 830 3259 est,
857 3181 1039 3243 dochmiaois
1055 3183 1256 3261 consociatur,

160 3285 350 3366 pariterque
380 3304 478 3364 paeon
508 3285 644 3365 primus,
679 3285 732 3363 qui
762 3286 872 3348 solutio
902 3295 949 3346 est
979 3285 1097 3347 Cretici.
1146 3282 1256 3347 Aesch.

160 3387 282 3469 Suppi.
304 3388 375 3449 455.

258 3499 339 3592 μήτι
360 3499 438 3591 τλῄς
459 3500 520 3568 τᾶν
541 3499 642 3570 ἱκέτιν
665 3501 801 3582 εἰςιδεῖν

206 3695 212 3711 y
260 3599 331 3670 ἆπδ
352 3604 494 3692 βρετέων
515 3606 576 3696 βία
597 3603 695 3686 δέκας
714 3602 888 3695 ἀγομέναν.

159 3737 249 3798 Nam
272 3732 355 3811 prior
370 3749 479 3793 versus
500 3733 637 3794 trimeter
652 3732 791 3795 Creticus
806 3743 862 3796 ost.
897 3732 1009 3816 Aperte
1025 3755 1123 3816 paeon
1139 3737 1258 3816 primus

159 3832 365 3918 praemissus
380 3844 428 3896 est
441 3834 581 3897 dochmio
596 3837 628 3896 in
642 3837 673 3897 S.
693 3836 734 3898 ad
750 3837 805 3898 Th.
828 3838 883 3899 161
892 3887 898 3900 .
922 3841 991 3900 171.

259 3953 324 4015 ποῖ
346 3944 375 4015 δ
400 3946 450 4016 ἔτι
472 3945 567 4028 τέλος
588 3949 706 4039 ἐπάγει
728 3949 832 4034 θεόςς

260 4048 455 4119 ἑπτάπυλον
478 4050 553 4132 ἕδος
576 4049 743 4147 έπιῤῥέου.
