2804 4912
504 203 540 245 or
556 201 688 244 rrisrirs
703 200 890 245 οοοιιιιιοιε.
1205 183 1246 245 85

248 352 369 436 §tto
407 356 506 437 Saepe
526 357 617 417 etiam
641 353 772 419 dimeter
792 363 825 417 et
845 355 982 417 trimeter
1003 353 1152 417 iambicus
1176 374 1247 416 curn

157 459 312 522 dochmiis
333 459 508 538 copulatur,
535 476 618 520 nunc
639 468 675 520 ut
695 458 856 520 cohaereat
876 477 947 520 curn
968 458 1005 520 iis
1027 476 1089 519 uno
1103 476 1243 538 numero,

158 582 246 626 nunc
261 572 371 625 utnon
387 560 557 624 cohaereat.
583 561 732 640 Exempla
744 559 831 625 dedit
841 560 997 623 Seidierus
1012 579 1044 640 p.
1059 561 1129 622 419.
1141 579 1243 642 seqq„

158 688 177 729 e
200 665 319 748 quihus
341 674 445 728 tamen
468 665 667 728 eximendum
689 664 828 744 videtur,
853 662 938 745 quod
959 663 1062 727 attulit
1083 684 1122 726 ex
1136 664 1243 746 Eurip.

158 771 216 833 Or.
238 771 310 831 489.
331 770 403 831 205.

249 997 369 1083 §too
410 1002 470 1076 Qui
492 1003 524 1064 in
545 1001 651 1082 Eurip.
671 1002 723 1064 Or.
745 1004 816 1064 λλθ.
839 1003 910 1064 453.
933 1001 1046 1064 insoliti
1068 1001 1249 1083 legebantur

156 1125 301 1172 numeri:

249 1224 338 1308 σῖγα,
361 1222 439 1307 σῖγα
462 1217 584 1287 λεπτὸν
605 1213 695 1304 ἴχνος
716 1214 868 1309 ἀρβύλης.

249 1329 324 1404 πῶς
346 1319 433 1408 ἔχοις
454 1318 553 1410 λόγου
573 1323 727 1408 μετάδος,
751 1313 778 1390 ὦ
801 1319 897 1413 φίλα,

156 1460 314 1517 correctos
335 1447 409 1513 dedi
431 1438 524 1531 otya·
547 1447 625 1532 σῖγα
647 1457 679 1511 et
700 1439 799 1532 λόγου
822 1448 896 1522 πῶς
918 1440 986 1527 ἕλει
1006 1449 1178 1515 scribendo.

247 1689 364 1774 stat.
397 1689 442 1754 hc
462 1689 585 1755 videtur
603 1691 695 1753 etiam
717 1707 779 1754 una
798 1691 878 1754 arsis
892 1690 977 1754 nuda
993 1691 1133 1756 dochmio
1151 1712 1248 1776 prae-

166 2160 269 2242 Bmip.
289 2158 400 2220 Phoen.
422 2159 493 2218 330.
513 2175 561 2237 sq.
580 2155 630 2219 ed.
649 2156 746 2236 Pers,
765 2157 792 2218 si
811 2176 884 2219 sana
901 2167 949 2222 ost
963 2159 1039 2221 haec
1052 2161 1221 2240 scriptura:

247 2265 268 2365 ἢ
291 2268 455 2352 ποθεινὸς
477 2267 602 2362 φίλοις,

248 2368 269 2467 ἦ
291 2372 456 2454 ποθεινὸς
480 2372 620 2465 Θήβαις.

158 2504 240 2569 Vide
255 2521 349 2583 supra
364 2499 383 2586 ξ
399 2502 472 2564 248,
491 2510 523 2564 et
537 2501 616 2563 inira
631 2499 668 2586 βξ
684 2503 757 2566 264.
778 2503 850 2564 269.

248 2732 364 2817 §252
397 2737 470 2798 Mira
491 2736 668 2817 compositio
683 2746 730 2796 cst
745 2738 877 2797 trochaei
899 2738 992 2798 unius
1008 2758 1077 2800 cum
1094 2737 1243 2818 dochmio,

158 2862 243 2926 quae
264 2841 321 2903 etsi
343 2838 437 2902 videri
460 2846 562 2921 potest
582 2838 665 2902 hunc
686 2857 868 2918 numerum,
895 2843 948 2919 qui
970 2840 1247 2904 achoriamboin-

156 2948 263 3029 cipiat,
282 2943 448 3026 praebere:

249 3064 345 3112 ΔΝ-
359 3062 363 3148 Ι
376 3061 478 3150 ‘'iq‘'

156 3199 267 3252 tauron
281 3185 373 3247 nimis
388 3186 439 3247 illc
454 3195 605 3265 repugnat
619 3185 790 3265 analogiae,
817 3204 910 3265 quam
930 3187 1143 3265 antispastioae
1158 3206 1247 3248 com-

156 3291 329 3376 positiones
354 3287 589 3368 commendant,
619 3308 712 3370 quam
740 3297 859 3353 utnon
881 3291 925 3355 sic
947 3290 1048 3375 potius
1071 3291 1128 3352 hoc
1150 3309 1247 3373 genus

157 3391 406 3460 describendum
421 3390 579 3454 videatur:

250 3510 376 3560 -υυ.’
404 3509 490 3559 L'u.

158 3755 336 3834 Aeschylus
351 3757 436 3834 Sept.
456 3751 497 3815 ad
511 3753 566 3814 Th.
587 3752 659 3814 att.
680 3753 753 3815 247.

249 3865 303 3948 τίς
323 3861 405 3936 τάδε
426 3866 556 3953 νέμεσις
577 3868 707 3957 στλιγιῖς

248 3970 363 4059 τίμιοι
384 3970 461 4052 ἕδος
483 3967 611 4062 ἱκόμαν.
