2804 4912
554 133 591 175 ns
606 131 694 173 vnnsv
710 129 847 172 nnnorco.
1187 108 1247 169 199

134 310 163 321 ··
245 279 371 364 9326.
410 284 544 356 Quintus
569 302 626 364 pes
648 282 875 364 utplurimum
897 280 1039 358 dactylus
1060 289 1117 343 cst.
1155 276 1248 359 Apud

163 388 283 474 latinos
305 386 432 468 quiidem
456 388 482 449 si
497 386 655 467 spondeus
675 396 740 466 est,
767 387 833 448 fieri
848 385 906 447 hoc
920 385 998 446 solet
1012 402 1083 446 oum
1098 384 1248 463 gravitate

167 490 308 570 padam.
335 493 417 571 Virg.
437 491 501 552 Ecl.
521 491 569 552 IV.
592 494 640 552 itt.
667 493 802 571 Propert.
822 488 857 551 Il.
881 491 929 565 n,
953 490 1000 548 49.

247 630 325 674 coro
339 611 427 674 bun
441 611 562 691 soboles,
580 629 723 693 mopnum
740 612 821 673 lovis
835 612 1060 672 incrementum.

110 746 114 755 ⁸
248 722 318 777 sunl
333 714 416 796 opud
430 713 563 796 infernos
578 722 618 776 tot
632 715 729 776 millio
742 714 958 796 sonnosurum.

150 838 161 889 '.
174 831 272 897 bullus
293 836 470 898 Latinorum
492 835 549 896 hoc
571 835 656 896 exitu
682 842 841 915 tantopere
866 832 1035 895 delectatus
1057 840 1121 910 est,
1152 849 1246 911 quam

163 932 311 1001 ''bntullus
337 934 381 1000 Ac
395 939 579 1020 plerumque
595 946 705 1000 curant
716 938 823 1016 Latini,
843 946 879 1000 ut
895 937 964 997 finis
980 953 1089 996 versus
1106 936 1158 996 fiat
1174 954 1247 996 voce

162 1032 307 1119 panau
321 1041 522 1121 syllabarum.
557 1040 727 1122 trisyllaba
743 1060 803 1103 vox
820 1058 877 1103 cur
891 1041 994 1123 [pinus
1009 1037 1172 1119 probetur,
1193 1039 1247 1099 in-

154 1140 256 1235 ¹'toiligi
269 1152 371 1226 potest
384 1164 423 1207 ex
438 1143 456 1228 §
471 1145 541 1206 322.
567 1146 674 1226 ltaque
690 1147 790 1206 minor
803 1145 950 1224 elegantia
967 1145 998 1204 in
1014 1142 1062 1203 bis
1077 1151 1124 1204 cst
1136 1141 1247 1206 Catulli

152 1240 261 1341 ''l-XVI.
281 1251 331 1311 57.
351 1256 383 1310 et
397 1247 511 1330 Virgilii
529 1246 606 1311 Aen.
626 1249 687 1311 Vll.
708 1251 780 1313 634.

248 1371 311 1451 ipso
327 1387 416 1431 urum
431 1368 600 1451 Zephyritis
615 1389 647 1432 eo
661 1369 813 1452 famulum
829 1368 958 1450 teporat.

248 1481 301 1535 aut
315 1473 387 1535 leun
403 1491 507 1534 cereos
524 1473 600 1534 tento
616 1473 729 1535 ducunt
746 1479 881 1554 arpenta,

163 1611 254 1677 quarn
268 1594 300 1655 in
315 1593 364 1655 his
379 1592 559 1656 eorumdem
574 1601 746 1673 poetarum,
769 1593 877 1674 Georg.
897 1590 944 1652 lll.
966 1589 1038 1654 976.
1072 1587 1148 1652 Aen.
1168 1591 1241 1654 Vlll.

122 1700 127 1755 ἴ
162 1698 234 1761 679.
260 1695 393 1778 Epithal.
411 1697 472 1758 Pel.
492 1706 524 1759 et
539 1697 625 1759 Thet.
648 1697 697 1759 lt.
718 1696 769 1759 96.
790 1698 862 1760 998.

116 1820 119 1825 ’
244 1835 328 1880 succo
341 1837 399 1898 per
413 1825 442 1881 ct
456 1817 592 1900 scopulos
606 1826 635 1880 et
649 1817 805 1900 depressos
821 1815 974 1878 convallis.

244 1939 313 1982 cum
326 1919 445 2002 populi,
463 1919 672 2001 patribusque,
689 1920 860 2002 penatibus,
878 1926 906 1980 et
920 1920 1038 2002 mopnis
1053 1918 1110 1982 dis.

243 2024 342 2105 cepio,
359 2023 486 2105 sulcenti
497 2023 653 2104 splendent
668 2043 746 2086 auro
762 2030 849 2105 atque
865 2031 999 2105 cruento.

243 2144 383 2208 opressus
398 2127 501 2188 curvis
519 2146 534 2188 e
550 2125 699 2189 littoribus
714 2128 829 2189 Piraei.

116 2230 121 2241 '
245 2249 313 2291 cum
331 2229 425 2291 tiioso
441 2230 623 2309 Satyrorum
638 2237 666 2292 et
681 2231 839 2312 Nysipeuis
854 2230 972 2292 Silenis.

110 2490 117 2525 ³.
242 2431 361 2516 5327.
395 2436 589 2499 Recentiores
611 2444 642 2497 ct
656 2437 841 2498 Graecorum
861 2446 892 2498 et
914 2439 1120 2501 Romanorum
1136 2448 1244 2521 poetae

110 2588 114 2603 .
154 2548 319 2619 caverant,
338 2558 378 2601 ne
393 2559 432 2600 ex
447 2539 520 2602 solis
535 2539 679 2620 spondeis
695 2559 821 2602 versum
838 2538 983 2600 lacerent.
1009 2540 1096 2603 Vnde
1111 2540 1243 2604 Albinus

110 2648 113 2655 '
154 2662 206 2725 np.
227 2643 395 2704 Maximum
411 2643 598 2706 Victorinum
618 2662 649 2723 p.
671 2645 762 2705 4959.
783 2642 865 2722 dicit,

140 2756 151 2859 Ἰ
243 2764 334 2825 uilem
351 2763 478 2846 nundin
494 2771 585 2838 toturn
601 2762 776 2826 concludere
791 2782 922 2826 versum.

110 2898 112 2905 ·
155 2884 310 2947 Homerus
325 2895 427 2947 tamen
443 2885 567 2965 saepius
582 2884 659 2947 tales
675 2884 784 2947 habet:

253 2995 434 3090 Ἀτρείδης·
456 2998 503 3068 τῶ
526 2995 556 3067 d’
579 2990 647 3067 αὖτ’
671 2999 707 3067 ἐκ
729 2997 852 3092 δίφρου
874 3000 1105 3092 γουναζέσθην.

154 3125 233 3190 Vide
261 3125 347 3189 Iliad.
367 3122 396 3188 λ.
414 3128 485 3188 439.
513 3125 641 3209 441234.
676 3125 735 3188 Od.
755 3144 784 3188 ο.
801 3129 873 3188 333.
900 3147 936 3213 φ.
954 3129 1003 3188 45.
1026 3149 1056 3206 χ.
1075 3128 1144 3189 475.
1167 3129 1238 3207 499.

155 3231 209 3293 lon
225 3230 322 3294 Chius
338 3231 368 3292 in
385 3230 516 3291 Brunck.
542 3227 630 3291 Anal.
651 3231 685 3290 Τ.
705 3231 726 3292 l.
745 3248 775 3309 p.
798 3230 868 3292 469.
888 3229 924 3291 tr.
952 3230 986 3291 ll.
1008 3231 1036 3291 6.
1064 3231 1195 3294 Ennius:

246 3349 298 3411 olli
311 3349 470 3432 respondet
485 3369 545 3412 rece
560 3349 648 3413 Albai
663 3351 771 3433 lonqui.

154 3480 188 3532 et
214 3471 348 3550 saepius.
385 3473 506 3532 Lucret.
532 3469 580 3533 VI.
607 3472 699 3532 tl33.
737 3471 848 3534 Catull.
874 3472 976 3534 cxvl.
1003 3475 1032 3533 3.
1074 3473 1144 3533 llari
1170 3484 1244 3537 sunt

153 3575 250 3637 etiarn
266 3573 437 3653 hirenus,
464 3574 517 3654 qui
538 3593 654 3654 paucos
673 3575 714 3637 ab
729 3577 814 3636 initio
830 3574 966 3655 dactylos
981 3575 1110 3653 babent,
1137 3585 1168 3638 et
1182 3577 1242 3639 de-

154 3677 231 3739 inde
257 3678 288 3737 in
315 3677 467 3757 spondeos
493 3686 618 3739 exeunt.
658 3679 984 3740 Catull.val11.st.
1026 3679 1106 3758 Virg.
1131 3680 1237 3761 Georg.

154 3782 206 3843 ill.
227 3780 300 3842 276.

198 3912 201 3918 ’
244 3919 316 3962 nom
330 3909 391 3964 tum
410 3902 541 3965 Helenae
557 3909 649 3984 raptu
662 3903 811 3984 primores
827 3899 1019 3983 Arpinorum.
1140 3894 1142 3901 ’

244 4022 328 4065 sanc
340 4024 398 4086 per
412 4014 440 4066 et
454 4006 587 4086 scopulos
601 4013 630 4067 et
644 4007 802 4087 depressus
818 4007 971 4095 convellis.
