2804 4912
317 305 353 348 nn
370 305 637 347 larnarnttartoun
655 304 958 348 anrlsrnornlcoavn.
1124 284 1186 347 253

187 449 224 538 γ’.
255 459 384 520 Chorus.

188 554 221 622 ι’.
256 562 514 640 Clytaemnestra:
541 563 707 640 anapaesti.

185 657 233 726 θ’.
256 666 386 727 Chems.

186 761 221 831 ι’.
253 769 513 849 Clytaemnestra:
539 770 706 848 anapaesti.

185 988 301 1073 §bad
335 990 485 1071 Apparet,
512 994 542 1053 in
566 993 613 1053 his
629 994 804 1071 systematis
820 993 911 1052 etiam
931 999 1111 1071 anapaestos
1127 990 1186 1053 sibi

99 1095 297 1176 respondere.
332 1095 392 1157 Sed
408 1115 468 1157 non
486 1096 520 1156 fit
536 1096 592 1157 hoc
605 1096 733 1176 ubique.
767 1097 842 1156 Nam
862 1097 892 1155 in
909 1095 1097 1175 quibusdam
1113 1114 1186 1155 car—

99 1199 238 1261 minibus
260 1200 417 1280 anapaesti
442 1200 575 1279 cxempti
601 1208 674 1260 sunt
696 1200 816 1280 aequali
840 1200 1073 1279 responsionum
1098 1216 1187 1258 com-

96 1303 266 1382 paratione.
300 1302 457 1365 Interdum
483 1321 554 1363 vero
573 1304 664 1363 etiam
689 1305 744 1364 soli
766 1303 941 1383 anapaesti,
967 1301 1083 1381 quibus
1100 1301 1185 1362 nulla

96 1405 236 1467 admixta
260 1414 333 1468 sunt
356 1407 463 1468 melica
487 1416 599 1486 metra,
625 1407 684 1468 sibi
708 1405 908 1486 respondent:
938 1413 973 1466 ut
995 1406 1025 1465 in
1048 1414 1186 1466 extremo

97 1510 294 1570 Prometheo:

187 1631 257 1693 ΠΡ.
320 1622 391 1693 ἙΡ.
458 1628 533 1693 XO.
596 1623 668 1693 ἙΡ.
734 1630 806 1693 ΠΡ.

200 1726 281 1810 α’,
333 1726 375 1814 pl.
454 1754 527 1814 μεσ.
607 1723 649 1814 d.
748 1728 790 1795 α’.

93 1857 166 1927 Quo
182 1855 213 1915 in
229 1855 304 1935 loco,
321 1864 355 1917 ut
370 1873 472 1935 saepe,
492 1857 706 1937 responsiones
722 1864 888 1915 metrorum
905 1851 1051 1915 indicium
1069 1852 1185 1914 iaciunt

55 2006 62 2014 .
95 1960 236 2036 lacunam,
258 1960 305 2019 vel
323 1960 444 2021 vitiatae
460 1960 641 2037 scripturae.

502 2398 614 2466 OAP.
632 2397 781 2466 XXIV.

182 2551 238 2620 De
266 2551 632 2644 interpellatione
660 2549 1097 2642 antistrophicorum.

183 2717 298 2802 5697.
333 2722 404 2800 lieo,
431 2720 469 2782 de
485 2738 546 2801 quo
562 2719 679 2781 dictum
695 2728 751 2798 est,
771 2719 907 2799 aequalis
922 2720 1055 2799 partium
1072 2718 1183 2781 distri-

94 2826 233 2887 butionis
249 2824 385 2886 studium
408 2844 531 2886 monere
547 2842 602 2885 nos
624 2821 733 2902 debet,
760 2830 811 2902 ut,
838 2822 1028 2903 ubicumque
1048 2823 1181 2884 carmina

94 2928 137 2990 ad
153 2930 287 3009 primum
303 2928 483 3007 adspectum
499 2938 629 2989 autnon
644 2927 873 3007 antistrophica,
899 2935 953 2988 aut
967 2927 1017 2987 hie
1032 2929 1093 2989 illic
1108 2939 1182 2991 tan-

94 3044 163 3093 tum
187 3033 306 3113 aliquas
330 3033 543 3111 responsiones
565 3031 710 3092 habentia
734 3028 1021 3112 deprehendamus,
1046 3034 1181 3113 primum

94 3138 233 3198 omnium
256 3136 294 3199 de
310 3134 504 3198 inveniendis
525 3145 556 3195 et
577 3132 797 3196 constituendis
818 3135 1045 3214 antistrophicis
1064 3138 1182 3216 cogite-

95 3259 177 3320 mus,
197 3240 289 3320 idque
306 3241 349 3301 sic
364 3240 462 3301 lacere
478 3239 686 3317 instituamus,
711 3247 745 3299 ut
760 3247 841 3299 certa
856 3239 1000 3301 carminis
1015 3238 1066 3300 lex
1080 3250 1112 3300 et
1127 3258 1181 3300 re-

95 3344 167 3424 gula
191 3353 354 3424 appareat,
384 3363 424 3405 ex
446 3361 524 3422 qua,
555 3360 616 3422 quo
643 3341 706 3403 loco
729 3360 871 3423 quaeque
893 3343 1018 3425 stropha
1042 3343 1181 3405 collocari

95 3447 249 3527 debuerit,
270 3449 350 3509 clare
365 3446 579 3526 perspiciatur.

181 3669 297 3754 §698
332 3671 422 3745 Quod
442 3689 539 3751 quum
561 3689 653 3750 saepe
674 3681 799 3752 propter
813 3670 1044 3734 similitudinem
1061 3681 1180 3734 metro-

96 3797 181 3855 rum,
201 3778 390 3856 lacunasque
404 3784 436 3837 et
450 3776 620 3853 scripturae
635 3774 723 3853 vitia,
750 3773 865 3854 quibus
879 3775 1027 3856 pleraque
1043 3778 1179 3839 carmina

95 3880 264 3943 deformata
279 3889 362 3959 sunt,
382 3879 596 3941 difficillimum
612 3879 661 3956 sit,
677 3886 743 3939 tum
760 3876 916 3939 difficilius
931 3879 1022 3940 etiam
1039 3878 1180 3941 redditur

94 4005 145 4062 eo,
179 3983 262 4064 quod
287 4003 388 4067 neque
414 3983 515 4044 omnia
542 3983 676 4043 carmina
706 3980 922 4061 antistrophiea
953 3992 1043 4064 sunt,
1076 4002 1178 4062 neque

93 4089 193 4150 omnia
211 4096 272 4148 tota
289 4107 326 4146 ex
343 4084 567 4165 antistrophicis
584 4093 739 4163 constant,
765 4102 823 4145 nee
836 4082 970 4165 denique
986 4088 1018 4147 in
1034 4087 1177 4147 omnibus

92 4192 262 4271 aequalitas
279 4191 328 4250 illa
346 4200 465 4251 servata
481 4198 537 4251 est.
633 4180 644 4211 ⁸
