2804 4912
529 323 566 364 uc
582 321 714 363 cnnrrcrs
731 319 859 361 εοιιτιε.
1177 298 1240 361 363

151 477 264 556 lncipit
283 476 345 558 ,hoc
369 493 492 536 carmen
519 473 653 555 proodo,
684 491 777 552 quam
802 473 961 551 excipiunt
982 491 1012 531 v.
1033 470 1093 531 3to
1117 437 1242 550 stropha

153 591 189 641 et
203 579 402 659 antistropha.
459 576 574 639 Deinde
617 577 758 657 sequitur
798 594 827 638 v.
856 575 927 636 326.
969 584 1104 653 systema
1141 571 1243 635 doch·
1354 578 1359 587 “

154 685 307 762 miacum,
349 683 398 742 cui
427 682 532 742 inserti
562 681 624 742 duo
660 679 721 741 sibi
750 677 971 759 respondentes
1003 694 1120 738 versus.
1168 675 1243 739 lnde

152 787 215 847 alia
238 786 361 864 stropha
383 804 414 845 v.
435 787 507 846 336.
532 804 572 845 ex
594 784 724 845 iambico
746 784 892 861 trimetro,
920 778 1076 842 dochmiis
1103 799 1243 859 anapae-

154 890 231 966 stis,
262 888 390 968 iambiS,
425 888 582 965 dochmiis,
609 889 698 949 cuius
721 887 820 948 ultimi
847 885 909 947 duo
939 902 1048 945 versus
1073 885 1144 945 3tt.
1167 885 1237 945 ata.

154 991 346 1071 respondent
374 991 518 1053 versibus
540 992 611 1052 334.
633 993 705 1053 336.
752 992 829 1051 Tum
853 997 988 1067 systema
1019 987 1186 1048 iambicum
1209 1006 1237 1048 v.

157 1097 232 1154 nto.
252 1105 283 1156 et
294 1094 504 1157 dochmiacum
521 1102 550 1156 νζ
563 1097 634 1155 363.
654 1101 808 1174 postremo
824 1091 1010 1171 dactylicum
1028 1111 1058 1153 ν.
1071 1092 1142 1152 359.
1159 1089 1243 1171 quod
1337 1097 1345 1107 “

155 1199 263 1259 linitur
277 1198 434 1260 dochmiis.

244 1402 360 1485 §7292
400 1404 492 1468 Aliud
528 1424 652 1466 carmen
681 1406 798 1486 partim,
823 1403 1092 1483 antistrophicum,
1130 1403 1242 1483 partim

156 1507 361 1570 dissimilibus
378 1511 457 1570 inter
472 1529 504 1570 se
521 1510 696 1589 systematis
713 1507 958 1588 interpellatum,
978 1508 1017 1566 ita
1037 1516 1073 1567 ut
1087 1506 1243 1585 quodam·
1308 1520 1309 1524 ’

157 1612 580 1692 modoparomoeostrophum
591 1611 685 1673 videri
695 1613 801 1691 possit,
811 1612 842 1672 in
851 1610 1021 1671 Phoenissis
1030 1613 1157 1671 estant
1169 1611 1239 1670 toti.

156 1715 242 1794 quod
261 1717 293 1776 in
317 1735 384 1777 mea
407 1715 489 1777 illius
509 1715 681 1795 tragoediae
697 1714 843 1793 editione,
863 1724 1013 1794 quantum
1037 1714 1151 1773 incerta
1168 1715 1243 1793 qui-

158 1818 292 1881 busdam
308 1820 339 1880 in
354 1820 427 1880 locis
443 1821 593 1898 scriptura
611 1818 675 1879 fieri
690 1838 782 1898 posse
799 1817 978 1897 videbatur,
1005 1818 1036 1878 in
1053 1835 1125 1878 suos
1141 1826 1243 1895 partes

157 1920 293 1983 divisum
309 1921 390 1983 dedi.

245 2126 361 2208 §73lh
402 2128 534 2191 Accedat
570 2129 617 2190 his
653 2129 786 2209 denique
822 2128 1019 2190 memorabile
1052 2128 1240 2207 exemplum,

159 2231 244 2311 quod
263 2241 310 2294 est
333 2234 365 2293 in
386 2233 544 2312 Sophoclis
565 2232 640 2293 Oed.
666 2233 728 2294 Col.
749 2234 821 2312 336,
849 2242 880 2294 et
896 2233 967 2294 itt.
1001 2232 1076 2290 Nam
1098 2251 1178 2312 quoe
1202 2231 1244 2292 ibi

159 2345 233 2395 sunt
262 2335 323 2397 duo
353 2346 519 2415 systemata
550 2336 716 2415 dactylica,
755 2335 861 2397 ultimo
891 2354 986 2397 versu
1015 2333 1075 2395 sibi
1111 2353 1245 2414 respon-

159 2438 280 2520 dentia,
299 2458 404 2500 eorum
420 2441 517 2520 prius,
536 2449 572 2500 ut
587 2441 617 2500 in
634 2457 755 2500 summo
771 2441 864 2500 animi
880 2440 1042 2517 anxietate,
1063 2458 1124 2500 uno
1140 2447 1244 2500 tenore

160 2541 311 2603 decurrit:

314 2681 358 2743 X.
381 2674 492 2745 οίδενί
513 2673 668 2766 μοιριδία
690 2670 778 2755 τίσις
800 2672 940 2764 ἔρχεται,

316 2769 361 2844 ὧν
383 2777 563 2871 προπάδῃ,
587 2779 625 2847 τὸ
648 2777 758 2849 τίνειν.
782 2774 899 2846 dodra
922 2773 953 2844 δ’
975 2772 1068 2843 ἀνιά-

314 2905 389 2960 ταις
411 2879 539 2973 ἓτίραις
561 2880 655 2973 ἑτέρα
678 2880 939 2972 παραβαλλομέ-

315 3011 355 3050 να
379 2983 492 3068 πόνον,
516 2982 555 3054 οδ
577 2985 674 3074 χάριν
694 2981 907 3053 οίντιδίδαιοιν
931 2981 964 3052 ἕ-

315 3114 393 3172 χειν.
416 3088 455 3157 οδ
479 3088 517 3157 δὲ
538 3085 635 3156 τῶνδ’
657 3087 802 3179 ἑδράνων
823 3087 927 3156 ποίλιν
949 3085 1092 3166 ἔκτοπος

316 3183 418 3271 αὖθις
439 3185 595 3284 ι’ίφορμος
616 3191 698 3278 ἐμᾶς
718 3190 842 3277 χθονὸς
864 3190 996 3280 ἔκθορε,

314 3293 359 3384 μή
383 3321 416 3362 τι
437 3294 525 3383 ιιίρα
546 3296 642 3385 χρέος

368 3395 433 3488 ἐμᾷ
455 3395 555 3466 πόλει
576 3396 764 3491 προςοίψῃς.

161 3539 301 3602 Alterum
323 3550 404 3603 recte
425 3540 584 3603 distinctos
600 3551 792 3604 tetrametros
807 3541 916 3620 habet,
943 3543 995 3621 qui
1011 3542 1246 3622 interpellantur

162 3643 293 3737 duobus
305 3644 365 3705 sibi
385 3645 644 3726 respondentibus
659 3645 801 3708 versibus
825 3664 864 3705 ex
885 3645 1059 3706 choriambo
1082 3655 1112 3705 et
1127 3647 1245 3707 Cretico

161 3748 345 3826 compositis

317 3875 387 3947 ἀλλ’
411 3881 470 3968 ἐμὲ
490 3880 550 3949 τὰν
571 3881 703 3967 μελίαν,
723 3879 921 3967 ἱκετεύομεν,

369 3975 550 4067 ὦξίνοι,
575 3981 872 4073 οίκτείραθ’,δί

317 4086 446 4175 πατρὸς
465 4083 551 4176 ὑπὲρ
574 4085 702 4173 τούμοῦ
722 4085 825 4172 μόνον
848 4082 1001 4173 δι’ντομαι,

316 4184 469 4275 δι’ντομαι,
494 4186 553 4257 οὐκ
576 4187 696 4269 ἀλαοῖς
717 4191 954 4281 προςοριομένα
