2804 4912
618 327 655 367 uu
670 326 805 368 causum.

590 573 703 642 cAP.
722 573 833 641 vm.

538 726 603 797 De
639 746 876 795 caesura

254 886 348 970 556.
383 892 485 955 Oratio
501 897 567 976 ipsa
583 914 686 977 perse
702 913 865 955 nnmerum
882 893 990 972 hahet,
1018 895 1089 974 quia
1106 897 1172 956 sine
1187 914 1253 956 nu-

158 1012 252 1055 mero
275 1012 378 1073 neque
397 995 535 1072 syllabae
559 999 588 1059 in
612 1018 719 1076 voces,
745 1016 847 1076 neque
863 1015 953 1057 voees
973 998 1004 1057 in
1027 997 1253 1077 complexiones

159 1096 335 1158 verborum
347 1099 499 1178 coniungi,
514 1110 545 1160 et
559 1101 600 1162 ab
615 1100 789 1162 seinvicem
807 1099 952 1180 distingui
968 1111 1104 1180 possent.
1131 1101 1252 1172 Quam-

160 1199 273 1260 obrem
301 1202 395 1263 oratio
421 1203 563 1265 versibus
590 1203 808 1283 comprehensa
836 1204 875 1264 ita
908 1203 1093 1264 moderanda
1120 1212 1183 1282 est,
1218 1213 1253 1264 ut

158 1304 264 1383 ipsius
289 1306 410 1365 numeri
432 1324 502 1366 oum
525 1308 662 1368 numeris
684 1326 832 1368 versuum
848 1317 1034 1386 congruant,
1060 1326 1161 1387 neque
1176 1307 1254 1368 alter

160 1426 318 1469 numerus
334 1409 464 1469 alterurn
480 1409 574 1471 tollat.
608 1409 641 1471 ld
657 1411 692 1472 fit
707 1429 884 1489 caesura,
903 1410 1055 1507 syllaba
1071 1410 1247 1490 ancipiti,

159 1509 360 1590 prosodia.

251 1714 346 1798 957.
380 1719 553 1780 Caesura
576 1721 641 1781 sive
657 1721 811 1798 incisio,
837 1737 931 1798 quarn
948 1719 1054 1779 Graeci
1069 1708 1173 1804 τομὴν
1189 1740 1250 1782 vo-

162 1831 253 1900 cant,
279 1821 305 1881 is
328 1822 414 1883 loous
436 1823 467 1881 in
490 1840 583 1882 versu
604 1831 666 1902 est,
692 1821 746 1882 uhi
769 1820 844 1881 ordo
866 1822 977 1901 aliquis
994 1822 1108 1883 finitur.
1143 1823 1249 1902 ltaque

160 1924 288 2003 proprie
304 1934 348 1985 tot
362 1943 506 1987 caesuras
521 1925 614 1987 habet
629 1943 752 2003 versus,
772 1933 847 2003 quot
862 1923 1000 2004 ordines,
1020 1926 1079 1985 nisi
1094 1925 1179 2005 quod
1195 1927 1249 1987 ul-

160 2027 230 2086 timi
245 2024 360 2088 ordinis
376 2028 485 2108 linem,
510 2030 563 2108 qui
578 2029 670 2089 simul
686 2027 756 2087 finis
771 2036 819 2088 est
834 2029 927 2088 totius
942 2046 1069 2107 versus,
1088 2047 1246 2090 caesuram

164 2127 228 2188 diei
241 2147 302 2190 non
318 2148 409 2208 posse
424 2141 561 2210 apparet.

248 2332 346 2417 958.
383 2339 483 2400 Versu
507 2358 563 2419 per
586 2337 680 2399 verba
708 2356 854 2418 expresso
880 2356 1048 2399 caesura
1076 2341 1248 2418 appellatur

159 2438 234 2499 finis
249 2441 387 2520 numeri,
415 2443 468 2521 qui
489 2442 521 2500 in
537 2440 640 2504 verbis
656 2451 718 2521 est,
744 2442 775 2501 in
795 2441 888 2501 finem
903 2440 1018 2502 ordinis
1034 2443 1151 2502 metrici
1167 2444 1247 2503 iuci-

158 2540 252 2603 dens.
287 2538 331 2603 Ao
351 2543 536 2624 plerumque
558 2563 620 2606 non
643 2545 868 2623 cuiuscumque
891 2545 1006 2605 metrici
1030 2544 1162 2625 ordinis,
1191 2545 1245 2607 sed

156 2646 274 2724 unius,
301 2646 389 2707 ouius
409 2647 502 2707 finem
524 2648 688 2729 praecipue
710 2649 808 2709 notari
830 2666 887 2728 par
908 2657 969 2727 est,
997 2649 1168 2710 terminatio
1184 2648 1245 2709 fine

156 2749 333 2810 sententiae
348 2750 398 2811 vel
413 2751 556 2812 vocabuli
573 2750 651 2812 lacta
667 2751 854 2830 intelligitur.

246 2956 271 3037 ἦ
287 2952 342 3020 59.
372 2956 502 3030 Quodsi
519 2959 550 3017 in
566 2957 667 3019 medio
682 2976 775 3019 versu
790 2974 954 3018 nnmerum
969 2956 1136 3019 verborum
1152 2958 1243 3019 simul

159 3077 231 3120 oum
248 3061 375 3122 metrico
390 3079 519 3122 numero
535 3061 614 3121 finiri
630 3062 786 3140 convenit,
812 3070 951 3139 apertum
976 3070 1022 3122 est
1037 3062 1134 3122 multo
1150 3063 1244 3141 magis

160 3160 192 3223 id
206 3163 276 3223 fieri
291 3162 404 3225 debere
419 3165 451 3223 in
466 3166 559 3225 totius
573 3182 684 3226 versus
706 3165 776 3225 fine.
809 3165 910 3237 Quare
927 3182 1035 3225 versus
1051 3165 1167 3244 integro
1183 3184 1243 3226 vo-

158 3265 273 3328 cabulo
288 3266 368 3327 finiri
383 3286 440 3346 par
454 3276 511 3329 est.

245 3472 270 3553 ἦ
285 3469 340 3536 od.
374 3475 508 3536 Caesura
523 3474 756 3535 necessaria
773 3482 829 3553 est,
856 3492 935 3553 quae
950 3474 1096 3534 maiorem
1111 3493 1241 3552 pausam

154 3576 305 3656 requirit,
332 3595 425 3657 quarn
448 3586 483 3638 ut
496 3578 563 3638 sine
585 3577 678 3637 totius
693 3578 814 3637 numeri
830 3575 991 3656 dispendio
1006 3577 1116 3656 negligi
1132 3579 1237 3657 possit.

154 3678 266 3752 Qualis
281 3699 407 3742 caesura
423 3682 449 3741 si
465 3680 589 3760 quaudo
605 3679 775 3760 negligitur,
794 3689 874 3741 certe
890 3689 1024 3760 curatur,
1051 3688 1086 3740 ut
1101 3680 1132 3742 id
1148 3701 1165 3743 a
1181 3702 1242 3743 vo-

154 3781 270 3844 cabulo
290 3784 455 3865 composito
477 3782 593 3862 aliquid
615 3784 820 3844 excusationis
840 3783 967 3863 habeat,
993 3792 1029 3845 ut
1043 3783 1128 3864 apud
1144 3784 1241 3846 Calli-

153 3887 304 3949 machum
325 3887 432 3967 fragm.
453 3888 524 3948 tou.

245 3981 319 4074 laod
334 3990 390 4051 νῦν
405 3983 443 4052 δὲ
456 3989 543 4063 Διος
559 3987 563 4073 l
579 3979 741 4073 κουρίδεω
757 3984 857 4074 γενεή.

153 4094 238 4156 Non
260 4095 488 4155 necessaria
509 4102 569 4172 est,
597 4112 657 4173 qua
679 4092 814 4171 neglecta
837 4110 899 4152 non
922 4092 1069 4154 evertitur
1090 4110 1239 4152 numerus

152 4198 314 4259 metricus.

208 4296 331 4357 domani
340 4313 440 4364 spitome
450 4313 520 4355 doctr.
530 4312 639 4355 metricae.
662 4319 663 4322 ’
1015 4314 1030 4363 2
