2804 4912
227 278 288 341 218
620 297 676 338 ιιο.
698 297 740 337 ur.
767 297 829 338 car.
849 297 918 337 xvu.

229 454 309 511 mine
325 460 428 513 autem
444 468 524 529 quae
540 450 697 530 caprarius
713 451 795 510 oanit
809 469 827 510 a
843 472 873 511 v.
895 454 924 511 6.
943 451 1042 531 primo
1062 459 1210 529 quattuor
1230 459 1396 530 ισοξ

226 556 296 636 phis
311 575 351 615 ex
366 553 489 615 duobus
505 553 646 615 versibus
667 552 852 633 procedunt3
879 552 992 614 deinde
1015 562 1192 634 sequuntur
1207 554 1343 622 decet·
1380 593 1396 632 j

227 659 369 737 strophae
390 656 548 719 extribus
571 656 725 719 versibus.
762 659 839 720 Nam
862 676 971 720 versus
994 657 1044 719 at.
1064 666 1153 721 extra
1175 676 1396 735 carme-1

226 781 322 844 pausa
340 761 469 823 canendi
485 760 573 840 laeta,
594 761 747 823 recitatur.
843 806 847 811 -

312 948 427 1032 5597.
460 953 652 1024 Quartum
673 970 801 1030 genus
824 953 1080 1033 stropharum
1097 950 1176 1013 illud
1190 962 1238 1015 est
1252 971 1396 1032 qm.

225 1057 446 1137 perfectissima
461 1056 562 1134 poesis
578 1055 672 1134 lyrica
689 1064 720 1115 et
735 1052 890 1134 tragoedia
911 1054 951 1116 ad
967 1055 1123 1135 graviores
1140 1055 1396 1124 vehemen-

226 1162 379 1239 tioresque
395 1159 488 1220 animi
504 1166 606 1220 motus
622 1157 839 1238 exprimendos
856 1175 910 1220 usa
928 1166 983 1218 est.
1018 1155 1052 1217 ld
1073 1176 1221 1218 numeros
1235 1177 1280 1238 pa
1299 1182 1387 1223 1·—

224 1265 280 1324 tim
296 1260 467 1342 granditate
483 1280 607 1322 severos
618 1271 649 1323 et
664 1263 851 1341 magnificos,
868 1262 978 1341 partim
994 1261 1143 1322 varietate
1159 1261 1381 1341 inaequa-

225 1366 303 1427 biles
318 1373 349 1425 et
363 1363 487 1443 rapidos
510 1364 617 1425 habet:
643 1363 815 1427 cuiusmodi
830 1365 974 1444 strophae
990 1364 1029 1425 ob
1045 1362 1171 1425 easdem
1187 1382 1373 1430 caussas

225 1471 309 1549 ipsae
335 1487 458 1548 quoque
480 1469 664 1548 plerumque
690 1467 839 1547 longiores
862 1477 944 1530 sunt.
983 1467 1127 1530 Cernitur
1152 1475 1256 1529 autem
1312 1483 1367 1534 et

225 1570 380 1652 granditas
396 1581 427 1632 et
439 1572 573 1632 varietas
586 1579 652 1632 tum
669 1573 698 1631 in
714 1581 824 1634 natura
839 1589 1055 1632 numerorum:
1075 1590 1148 1632 nam
1164 1578 1219 1632 aut
1233 1573 1361 1634 tardi

224 1676 385 1755 severique
402 1683 490 1755 sunt,
515 1684 569 1736 aut
584 1676 723 1736 concitati
739 1684 769 1735 et
784 1676 916 1751 alaeres;
943 1684 1009 1735 tum
1025 1674 1057 1734 in
1072 1677 1356 1754 comparationi—

224 1778 284 1839 bus
299 1796 425 1839 eorum:
451 1797 522 1839 nam
539 1787 592 1839 aut
607 1778 728 1857 aequali
744 1779 937 1858 proportione
954 1777 1046 1839 divisi
1061 1787 1146 1858 sunt,
1166 1788 1220 1841 aut
1234 1779 1352 1840 bre-

227 1883 274 1942 via
291 1883 428 1942 membra
446 1882 542 1961 longis
558 1882 734 1943 miseentur.

309 2087 424 2170 §598
452 2091 602 2163 Quoniam
619 2090 769 2169 longiores
781 2107 850 2149 esse
862 2089 919 2149 hae
935 2088 1079 2168 strophae
1092 2089 1202 2169 solent,
1219 2091 1342 2151 etiam

222 2203 325 2274 partes
341 2213 448 2254 earum
464 2193 526 2253 lere
544 2193 691 2272 longiores
707 2201 795 2271 sunt,
822 2201 853 2252 et
874 2211 934 2253 non
949 2200 1012 2252 tam
1029 2191 1189 2273 versihuS‚
1216 2208 1337 2273 quam

224 2297 398 2376 systematis
416 2297 514 2358 varios
530 2315 675 2358 numeros
691 2295 878 2358 habentibus
895 2303 1046 2356 constant.

309 2500 433 2583 5599.
471 2504 619 2584 Strophae
645 2505 782 2566 numeris
804 2521 929 2583 graves,
959 2503 1186 2584 comparatione
1208 2518 1324 2564 mem-

224 2607 348 2668 brorum
366 2607 555 2687 aequabiles,
571 2608 635 2668 lere
651 2627 689 2667 ex
705 2608 834 2686 epitritis
849 2615 1000 2685 constant,
1017 2604 1167 2685 dactylico
1183 2619 1316 2669 numero

223 2712 410 2791 temperatis²
429 2721 460 2772 et
475 2712 602 2790 Cretico,
625 2709 767 2772 admissis
783 2712 873 2773 etiam
891 2709 1080 2790 quibusdam
1097 2712 1303 2773 trophaeorum

223 2815 457 2894 iamborumque
478 2824 509 2876 et
529 2793 732 2897 antispastiois
754 2817 875 2894 lormis,
903 2823 969 2876 tum
985 2814 1077 2875 etlam
1099 2815 1235 2877 trochaeo
1250 2829 1298 2872 se-

223 2928 335 2980 manto.
363 2920 557 2980 Harmoniam
573 2920 630 2980 hae
646 2920 789 2997 strophae
805 2918 982 2980 habueruut
996 2919 1139 2979 Dorica
1149 2938 1188 2980 m.
1219 2911 1291 2979 Vnde
1384 2936 1386 2963 τ

222 3023 386 3084 Dorieas
407 3024 597 3102 strophas
619 3042 775 3084 vocamus.
808 3021 896 3083 Pind.
916 3022 1002 3101 Pyth.
1023 3022 1044 3082 l.

307 3136 428 3225 χρυσέα
452 3136 517 3228 φὸρ
534 3179 551 3187 -
565 3139 654 3227 μιμξ,
676 3136 848 3204 Ἀπόλλω-

351 3264 407 3318 νος
428 3242 487 3307 καὶ
512 3238 729 3326 ἰοπλοκάμων

310 3341 462 3409 σύνδικον
484 3349 560 3410 Μοι
575 3385 591 3394 -
609 3350 671 3412 σᾶν
694 3343 838 3427 κτέανον,

307 3453 368 3524 τᾶς
390 3441 505 3513 ἀκούει
520 3445 611 3531 -μέν
632 3445 740 3533 βάσις,
765 3443 906 3535 ἀγλαΐας
922 3489 937 3498 -
954 3444 1049 3534 ἀρχά,
1109 3445 1111 3449 ’
1206 3520 1211 3530 ,

308 3546 434 3617 notam»
448 3591 464 3601 -
479 3576 537 3617 τοι
559 3546 588 3618 d’
612 3547 756 3618 ἀοιδοὶ·
773 3550 929 3636 σάμασιν,

308 3649 513 3742 ἁγησιχόρων
537 3650 666 3721 ὁπόταν
688 3680 755 3741 προ
772 3696 788 3706 -
804 3652 924 3739 οιμίων

352 3753 505 3844 ἀμβολὰς
525 3757 581 3826 τού
599 3799 614 3808 -
629 3784 689 3848 xpc
711 3757 932 3845 ἐλελιζομένα,

307 3862 365 3927 καὶ
388 3861 445 3928 τὸν
469 3860 573 3947 αἱχμα
590 3861 683 3930 -τὰν
705 3862 862 3950 κοραονόν
877 3904 893 3914 -
909 3861 1076 3949 σβεννύεις

306 3960 426 4032 ἀενάου
450 3965 565 4053 πυρός,
589 3965 628 4034 ed
646 4008 662 4017 -
678 3968 730 4033 δτι
752 3962 782 4033 d'
806 3961 869 4033 ἆνὰ
892 3966 975 4034 σκά-

350 4095 424 4157 nep
447 4068 532 4148 Διὸς
554 4068 677 4150 αἰετός,
703 4065 798 4136 ὠκεῖ-

351 4198 392 4238 αν
413 4167 544 4261 νττέρνμ’
569 4167 748 4264 ἀμφοτέρω
764 4214 780 4224 -
797 4181 859 4242 θεν
880 4171 1052 4257 χαλάξαις.
