2804 4912
246 279 309 339 242
639 295 695 336 nn.
716 294 760 335 ur.
795 292 857 335 aar.
876 292 947 335 χιιι.

332 448 355 528 5
370 444 447 511 662.
474 448 539 506 Non
556 447 702 508 ridentur
717 448 792 508 hacc
808 457 922 508 temere
938 447 1095 522 instituta,
1116 443 1175 505 sed
1193 443 1344 505 credibile

161 534 166 545 x
248 563 311 631 est,
344 551 450 612 eadem
474 551 658 630 aequalitate
679 552 769 612 etiam
800 552 946 612 stationes
967 549 1049 609 chori
1079 556 1289 627 actorumque
1315 550 1345 608 in

248 656 401 716 orchestra
425 673 580 734 scenaque
604 654 723 732 disponi
746 656 850 717 solitas
868 655 973 715 luisse.
1007 652 1115 714 Oculis
1138 653 1227 712 euim
1250 651 1346 712 multa

251 758 368 820 iacilins
384 757 588 820 animadverti
604 758 679 818 haec
694 760 863 838 aequalitas
880 767 995 836 potest,
1019 775 1114 836 quam
1131 754 1270 816 antibus
1286 773 1346 816 no-

249 864 323 924 tari:
350 872 385 924 ut
405 863 464 923 nisi
486 861 646 943 spectandi
669 880 777 924 caussa
802 880 879 941 opus
894 879 930 921 ea
953 858 1108 939 diligentia
1127 857 1260 937 inisset,
1286 877 1348 920 non

249 966 391 1027 videatur
406 965 553 1027 audiendi
569 983 678 1027 caussa
694 984 763 1026 esse
778 967 915 1027 inventa.

664 1525 777 1594 OAP.
796 1525 928 1594 xxn.

501 1695 559 1764 De
588 1695 857 1767 carminibus
886 1693 1086 1763 choricis.

338 1880 454 1963 5663.
482 1861 668 1962 Praecipuus
680 1893 727 1944 est
742 1882 1029 1962 antistrophicorum
1046 1898 1124 1941 usus
1140 1881 1171 1940 in
1193 1882 1351 1942 carmini‘-

253 1988 313 2048 hus
329 1989 464 2049 choricis.
500 1986 561 2048 Sed
577 1988 652 2047 haec
674 1989 808 2048 carmina
831 1984 1093 2066 quemadmodum
1115 1986 1198 2044 inter
1223 2001 1259 2044 se
1282 1986 1350 2064 ipsa

254 2091 414 2168 differunt,
441 2093 482 2152 ita
499 2092 608 2169 etiam,
635 2090 718 2170 quod
733 2089 772 2151 ad
789 2092 937 2151 rationem
953 2087 1206 2168 antistrophicam
1224 2090 1346 2164 attinet,

254 2194 368 2272 aliquid
382 2194 566 2255 diversitatis
579 2192 702 2255 habant.
725 2194 823 2255 Primo
832 2192 993 2254 videamus
1006 2191 1044 2253 de
1060 2193 1098 2252 iis
1111 2192 1253 2271 canticis»,
1267 2210 1349 2272 quac

253 2297 293 2357 ah
310 2298 373 2359 solo
390 2298 480 2359 choro
497 2306 659 2359 canuntur.

340 2519 455 2602 §664
483 2524 516 2583 ln
539 2521 691 2601 tragoedia
715 2522 883 2601 longiorum
906 2522 988 2581 chori
1010 2521 1180 2581 carminum
1203 2519 1270 2583 duo
1290 2540 1351 2600 ge-

257 2645 329 2686 nera
367 2636 659 2705 commemorantur,
699 2623 868 2706 paredus
898 2635 929 2685 et
959 2626 1175 2686 stasimum.
1223 2623 1351 2686 Aristo-

264 2731 339 2792 teles
356 2729 481 2810 quidem
494 2730 631 2808 noenta,
644 2732 672 2790 7.
692 2747 786 2807 paro
796 2728 845 2789 du
855 2749 884 2788 m
901 2727 973 2788 dicit
988 2728 1119 2807 primam
1134 2727 1350 2789 recitationem

259 2836 351 2896 totius
367 2836 449 2896 chori
465 2851 549 2894 esse:
569 2834 776 2894 stasimum
792 2840 895 2892 autern
912 2834 1065 2893 canticum
1081 2831 1165 2891 chori
1179 2831 1254 2893 siue
1268 2851 1352 2893 ana-

259 2940 372 3017 paestis
402 2948 433 2998 et
462 2936 619 2997 trochaeis.
667 2935 851 2998 Scholiastes
882 2936 1026 2996 metricus
1053 2932 1211 3012 Euripidis
1244 2943 1352 2997 autern

256 3040 295 3101 ad
317 3041 428 3100 Phoen.
448 3043 522 3101 2⁴0.
549 3040 598 3101 ed.
626 3039 729 3101 Valck.
763 3040 972 3101 stasimum
1004 3039 1105 3099 vocari
1134 3039 1177 3099 ait
1206 3057 1349 3118 camrcn,

257 3144 340 3223 quod
356 3146 467 3205 chorus
486 3153 557 3225 post
570 3143 722 3223 paredum
745 3145 891 3203 immotus
914 3151 999 3203 stans
1023 3150 1127 3218 canat;
1153 3142 1352 3223 paredum

256 3257 359 3309 autem
379 3249 543 3328 canticum,
560 3246 644 3326 quod
660 3247 781 3325 chorus,
796 3245 873 3308 dum
888 3248 919 3305 in
935 3246 1122 3307 orchestram
1139 3246 1349 3326 ingrediatur,

256 3361 354 3413 tranat.

342 3553 444 3638 §665
467 3551 627 3641 Πάροδος
634 3577 731 3638 quum
741 3568 771 3618 et
779 3559 997 3638 ingressionem
1007 3556 1089 3618 chori
1102 3558 1135 3617 in
1143 3557 1351 3637 orchestram,

258 3671 289 3721 et
304 3681 338 3723 ea
355 3662 516 3742 significet,
536 3681 615 3744 quae
631 3662 743 3724 chorus
758 3661 946 3723 orchestram
958 3662 1007 3721 vel
1024 3660 1199 3741 ingrediens
1212 3661 1265 3722 vel
1282 3664 1354 3742 pri-

259 3784 344 3826 mam
368 3767 526 3846 ingressus
549 3768 631 3828 canit
652 3766 702 3827 vel
723 3768 846 3845 recitat,
873 3784 945 3826 vera
960 3763 1084 3825 videtur
1099 3762 1274 3826 Aristotelis
1289 3763 1355 3827 de-

261 3869 355 3929 linitio
377 3888 463 3949 esse,
490 3873 516 3932 si
537 3869 688 3952 paredum
713 3869 751 3930 de
767 3871 820 3949 iis,
847 3887 927 3950 quae
943 3877 1113 3946 canuntur,
1132 3867 1350 3949 intelligimus.

259 3974 364 4052 ltaque
380 3973 428 4032 hic
444 3993 490 4053 pa
500 3973 599 4036 rodu
609 3993 639 4034 m
655 3972 730 4034 dicit
744 3975 908 4053 canticum,
925 3970 1009 4051 quod
1024 3973 1159 4051 primum
1175 3972 1207 4032 in
1223 3981 1354 4053 tragoe-

259 4075 308 4136 dia
325 4075 436 4136 chorus
452 4077 499 4137 vel
515 4087 598 4140 totus
614 4086 719 4157 canat,
739 4077 788 4137 vel
803 4079 835 4138 in
851 4085 954 4155 partes
971 4074 1106 4152 divisus,
1127 4077 1210 4136 utin
1224 4077 1350 4139 Oreste.

257 4180 333 4239 Nam
357 4198 372 4237 a
396 4179 530 4258 paredo,
562 4182 619 4241 hac
642 4180 768 4260 quidem
800 4180 1034 4258 significatione,
1066 4178 1250 4257 segregandi
1279 4191 1357 4244 sunt
