2804 4912
430 293 467 335 ba
481 293 610 341 *laubicis
629 294 783 336 rainarius
800 294 1001 337 retinueris.
1220 277 1261 336 45

595 574 707 652 ΟΑΡ,
726 574 832 643 XIV.

294 726 351 794 De
380 726 584 795 iambicis
612 726 828 795 trimetris
857 727 1134 796 acatalectis.

255 910 280 991 ξ
306 909 380 975 139.
429 911 643 974 Nobilissimus
670 932 817 975 versuum
845 913 1045 975 iambioorum
1074 914 1259 975 trimeter

164 1017 503 1094 estaoatalectuS,
531 1034 624 1094 quern
648 1016 743 1077 Latini
765 1018 969 1077 senarium
991 1027 1109 1077 vocant.
1143 1016 1258 1077 Gram-

165 1119 272 1178 matioi
288 1126 435 1198 quattuor
450 1119 517 1178 eius
537 1117 649 1179 formas
672 1129 920 1198 commemorant,
948 1118 1181 1197 iambicum,
1205 1121 1257 1198 qui

165 1223 293 1302 proprie
319 1223 361 1282 ita
387 1222 525 1301 dicatur,
560 1223 694 1283 maxime
724 1241 763 1282 ex
790 1223 876 1299 puris
906 1222 1017 1283 iambis
1047 1230 1254 1299 constantem;

165 1326 390 1404 tragicum,
413 1324 620 1406 spondeorum
637 1325 835 1385 alternatione
852 1326 1019 1403 insignem:
1046 1328 1254 1405 comicum,

164 1427 302 1506 pedibus
318 1429 487 1508 trisyllabis
501 1430 644 1508 plenum:
664 1430 902 1507 satyricum,
922 1429 974 1507 qui
988 1429 1108 1490 medius
1124 1431 1164 1489 sit
1179 1430 1259 1490 inter

165 1532 319 1609 tragicum
336 1541 366 1592 ot
383 1534 543 1594 comicum.
572 1531 640 1594 Vid.
660 1531 754 1592 scbol.
775 1532 938 1611 liepbaest.
959 1551 989 1611 p.
1007 1535 1046 1591 87
1069 1533 1164 1612 (llll).
1194 1534 1256 1593 Non

162 1645 240 1695 sunt
257 1635 334 1695 baeo
349 1637 430 1696 omni
447 1656 483 1696 ex
501 1646 588 1714 parte¹
604 1654 687 1698 vem.

251 1866 275 1947 ὅ
293 1864 369 1930 140.
402 1869 568 1930 (laesuram
585 1868 678 1929 babet
693 1870 829 1928 trimeter
844 1868 1028 1948 legitimam,
1048 1886 1127 1946 quae
1143 1870 1253 1930 πενθ-

164 1965 329 2056 ημιμερὴς
343 1981 489 2034 vocatur:

252 2086 374 2136 &Lu-U
388 2089 391 2175 p
403 2085 497 2137 Las-O
512 2092 515 2176 Ι
528 2090 599 2138 Lu-

173 2211 233 2273 Sed
256 2232 350 2292 saepe
376 2232 411 2273 ea
439 2214 617 2293 negligitur,
651 2213 808 2292 aliaeque,
842 2213 1007 2293 aliquando
1033 2215 1123 2275 etiam
1151 2216 1254 2276 nullae

168 2334 313 2377 caesurae
338 2316 432 2377 liunt:
459 2335 521 2395 quo
544 2318 579 2378 lit
599 2326 635 2377 ut
650 2317 699 2376 bic
715 2335 825 2377 versus
847 2326 972 2396 propter
987 2319 1095 2378 miram
1112 2317 1253 2379 ordinum

166 2420 345 2480 varietatem
362 2430 453 2499 aptus
469 2421 509 2480 sit
525 2419 710 2499 longioribus
726 2419 924 2481 carminibus
958 2422 1104 2481 Omnium
1129 2423 1253 2482 minime

161 2522 316 2603 probatur
340 2542 374 2582 ea
401 2522 572 2603 distinctio,
598 2542 658 2602 qua
683 2542 792 2586 versus
814 2525 845 2583 iu
870 2533 931 2584 tros
953 2524 1086 2601 integras
1107 2524 1252 2587 iambicas

160 2625 304 2706 dipodias
328 2626 539 2706 distribuitur,
568 2628 638 2706 quia
656 2628 731 2688 baec
747 2627 828 2688 omni
845 2628 992 2689 varietate
1007 2637 1099 2688 caret.
1133 2629 1252 2692 Cuius-

161 2728 247 2790 modi
272 2749 394 2790 carmen
417 2729 455 2790 de
483 2729 631 2792 industria
659 2729 796 2792 condidit
819 2731 977 2794 Castorion
1000 2731 1154 2791 Solensis:
1187 2730 1247 2792 vid.

159 2833 357 2893 Athenaeum
374 2836 410 2894 X.
430 2852 460 2912 p.
483 2836 553 2896 llll.
573 2836 604 2894 F.

251 2948 289 3015 od
303 2947 361 3014 τὸν
375 2948 492 3034 βάλοις
506 2947 729 3040 νιφοκτύποις
744 2946 965 3038 δυςχείμερον.

249 3184 273 3265 §
292 3183 365 3248 141.
399 3186 612 3269 lambographi
632 3188 816 3268 plerumque
831 3206 848 3247 a
865 3186 1068 3248 solutionibus
1085 3187 1250 3251 abstinue-

159 3297 244 3351 runt.
272 3288 385 3350 Amant
400 3291 428 3350 bi
445 3291 609 3371 praecipue
624 3310 738 3372 purum
756 3291 904 3369 iambum,
921 3292 960 3351 ita
978 3300 1012 3351 ut
1027 3312 1042 3351 a
1060 3291 1246 3370 quibusdam

158 3392 351 3453 carminibus
367 3392 538 3474 spondeum
555 3394 646 3475 plane
662 3395 859 3474 excluserint,
879 3404 913 3455 ut
928 3395 1067 3456 Catullus
1083 3414 1177 3456 canu.
1197 3398 1245 3458 lV.

158 3498 355 3557 Recentiores
379 3516 446 3558 raro
468 3499 560 3558 etiam
585 3506 786 3578 anapaestum
811 3498 979 3576 admisere,
1006 3507 1041 3559 ut
1064 3499 1094 3559 in
1112 3500 1247 3560 carmine

156 3599 286 3679 lactum,
305 3600 388 3680 quod
405 3609 506 3663 exstat
520 3599 604 3680 apud
619 3598 809 3663 Athenaeum
829 3603 928 3683 Vl.·p.
948 3603 1020 3663 253.

246 3840 270 3921 ξ
295 3839 369 3904 142.
408 3845 522 3923 Tragici
547 3852 581 3905 ut
602 3843 785 3923 plerumque
808 3843 971 3922 legitimam
996 3861 1173 3922 caesuram,
1203 3845 1243 3905 ita

154 3965 251 4024 saepe
268 3947 359 4006 etiam
376 3946 451 4007 alias
467 3956 629 4025 usurpant.
663 3947 707 4007 De
727 3946 776 4007 his
792 3963 872 4024 quae
887 3945 1033 4008 disseruit
1046 3948 1197 4008 Porsonus
1213 3948 1245 4006 in

153 4050 312 4129 supplem.
332 4050 428 4129 prael.
448 4049 488 4111 ad
504 4051 574 4111 llec.
593 4069 703 4131 parum
720 4050 893 4130 fructuosa,
920 4060 951 4111 et
973 4070 1011 4111 ne
1028 4051 1101 4111 satis
1117 4049 1242 4130 quidem

155 4159 231 4214 vera
247 4162 330 4214 sunt.
365 4156 463 4232 Saepe
480 4156 636 4216 invenitur
651 4172 776 4215 caesura
794 4146 1036 4239 ἓφθημιμερὴς,
1056 4172 1135 4232 quae
1150 4162 1197 4214 est
1212 4154 1243 4212 in
