2804 4912
174 276 216 339 82
522 344 529 361 ,
578 296 635 340 tm.
655 299 688 340 u.
715 298 777 340 σιν.
796 299 854 341 xxi.

261 446 377 530 5238.
411 447 504 510 Aliud
518 468 616 530 genus
629 460 693 530 cst,
718 450 802 530 quod
816 452 848 511 in
864 458 1019 530 postremo
1032 448 1118 530 pede
1133 449 1262 530 disylla·
1284 506 1288 551 Ι

178 553 249 615 bam
265 555 429 615 anaerusin
445 553 547 632 hahet,
567 555 616 615 cui
631 556 747 635 pariter
761 553 869 616 eadem
886 555 981 616 lorma
999 556 1029 615 in
1045 555 1263 636 antistropbioo

175 655 363 737 respondere
378 656 481 718 debet.
508 654 678 738 Aeschylus
694 658 802 739 Suppl.
824 660 894 719 354.
916 660 987 718 366.

255 767 309 840 ἴδε
329 797 373 858 με
394 771 455 840 τόν
476 770 580 840 ίκέτιν
601 772 735 864 φυγάδα
756 770 970 862 περίδρομον.

258 876 297 944 σι)
321 876 359 944 δὲ
380 871 460 965 παρ’
485 872 645 966 ὀψιγόνου
667 875 762 963 μάθε
783 873 1000 966 γεραιόφρων.

171 1000 319 1081 Idemque
346 1019 443 1081 genus
458 1002 751 1082 'hypercatalectum
777 1010 879 1063 exstat
904 999 987 1080 apud
1014 999 1124 1080 Eurip.
1154 1002 1255 1064 Bacch.

174 1109 185 1165 l
195 1105 206 1164 l
216 1105 267 1166 75.
290 1106 301 1164 4
312 1107 323 1163 4
333 1107 383 1164 89.

258 1219 446 1310 Κιθαιρών.
469 1218 505 1289 τί
525 1219 724 1309 Κιδαιριόνς

259 1322 418 1404 ἐπαινεῖς.
441 1321 477 1393 τί
497 1320 528 1391 δ
551 1324 699 1408 taetro,-

168 1447 376 1513 hcatalcotum
393 1451 498 1513 ultima
520 1451 619 1513 soluta
636 1459 737 1513 exstat
759 1449 841 1531 apud
863 1450 955 1530 Soph.
974 1448 1053 1511 Ocd.
1073 1449 1142 1512 Col.
1166 1451 1253 1513 4454.

170 1554 262 1615 4469.

254 1666 381 1756 χρόνος,
405 1667 481 1735 ἐπεί
501 1668 562 1754 μὲν
584 1667 690 1757 ἕτερα.

254 1772 350 1840 δέδια
377 1767 406 1838 δ’
430 1823 438 1839 .
462 1766 502 1838 od
524 1771 585 1861 γὰρ
608 1771 713 1839 ἅλιον.

166 1896 240 1961 Vide
258 1898 354 1959 Elem.
375 1896 406 1958 d.
426 1917 467 1958 m.
488 1917 518 1977 p.
540 1899 612 1960 284.

249 2118 367 2202 ἕ239.
402 2120 503 2201 Atque
523 2124 614 2184 etiam
635 2125 666 2183 in
682 2121 864 2202 vulgaribus
886 2120 1070 2184 dochmiacis
1087 2143 1155 2186 non
1171 2143 1251 2189 rarus

164 2234 211 2286 est
226 2223 506 2306 hypercatalectus:

273 2481 324 2512 W

163 2590 216 2649 llic
242 2588 398 2651 interdum
427 2587 571 2669 strophae
594 2586 746 2650 finiendae
769 2586 949 2668 adhibetur,
979 2598 1014 2650 ut
1040 2589 1073 2648 in
1100 2586 1248 2672 Septcd

160 2692 256 2754 Theb.
277 2694 349 2754 427.

246 2802 412 2893 ὀλομένων
435 2804 583 2876 ἰδέσθαι.

158 2933 197 2994 Ε4
212 2932 328 2994 ibidem
345 2954 375 2995 v.
395 2936 468 2996 309.

244 3051 443 3140 Καδμογενῆ
465 3049 598 3140 ῥύεσθε,

157 3192 237 3254 quae
258 3174 353 3235 torma
375 3175 554 3252 saepissime
578 3175 748 3253 invenitur,
778 3193 839 3235 non
860 3174 910 3235 illa
933 3173 1157 3239 contundenda
1182 3196 1247 3242 cum
1273 3172 1277 3181 ’

158 3297 248 3339 versu
273 3277 463 3357 togaoedim,
490 3280 543 3357 qui
566 3299 605 3338 ox
628 3277 736 3340 iisdem
760 3277 888 3355 syllabis
911 3287 1038 3340 constat.
1073 3276 1248 3345 Anacrun

155 3383 302 3461 postremi
318 3379 435 3442 ordinis
452 3381 508 3441 hoc
524 3391 657 3443 metrum
674 3399 797 3459 semper
812 3380 939 3440 brevem
956 3381 1058 3443 habet.

239 3602 357 3685 §24st
393 3608 492 3684 Saepe
513 3605 577 3667 bini
598 3604 773 3668 huiusmodi
790 3623 900 3667 versus
920 3624 983 3667 uno
997 3623 1095 3669 versu
1111 3612 1248 3673 coniun-

153 3719 278 3787 guntur.
306 3708 414 3770 hesch.
434 3707 540 3790 Agam.
563 3711 655 3772 tttu.

146 3908 149 3913 ,
238 3818 385 3917 όφερτον
407 3821 568 3915 φίλοισιν,
592 3821 761 3905 δοςίατον·
785 3821 881 3894 dano.

152 3951 312 4011 Invenitur
326 3952 418 4011 etiam
434 3949 579 4012 adiuncto
594 3949 771 4012 dochmiaco
785 3952 959 4030 acatalecto,
979 3961 1014 4013 ut
1028 3971 1059 4015 v.
1078 3955 1178 4021 4445.

241 4060 282 4130 td
305 4061 346 4131 ίὼ
367 4060 529 4143 ταλαίνας
550 4065 764 4152 κακόποτμοι
785 4067 892 4151 τύχαι.

150 4190 190 4251 Et
205 4190 285 4250 inter
299 4190 417 4254 medios
432 4191 588 4253 dochmios
605 4201 638 4251 ut
654 4194 684 4251 iu
701 4191 830 4253 Eumen.
851 4196 923 4253 474).
