2804 4912
110 258 117 303 t

110 308 127 391 J.
513 349 550 391 on
566 349 698 393 wasiers
715 348 892 392 noconius.
1209 331 1249 392 97

110 424 121 453 ρ.

153 500 343 581 Acatalecti‚
365 502 424 563 nisi
439 503 471 562 in
487 503 681 582 synemena,
709 501 763 564 ubi
780 503 976 564 continuatur
998 520 1162 581 numerus,
1190 501 1252 564 da-

125 614 131 649 :
154 605 250 688 ctylo,
269 622 333 668 non
344 602 483 686 spondeo
498 605 658 684 liniuntur,
675 624 714 667 ne
725 606 893 668 catalectici
908 607 940 667 in
952 604 1140 682 disyllabum
1156 604 1251 666 videri

121 708 291 789 ,possint

246 948 270 1032 ὅ
285 946 362 1015 289.
389 951 432 1011 De
444 952 560 1031 ingenti
572 949 770 1013 multitudine
782 969 931 1014 versuum
943 949 1161 1032 dactylicorum
1178 954 1250 1013 usi—

157 1054 441 1117 tatissimihisunt.
468 1053 1246 1135 Dimetcroatalecticusindisyllabum,
1281 1136 1284 1143 ι

158 1158 211 1238 qui
228 1154 412 1219 Adonius
426 1166 562 1218 vocatur.
597 1155 707 1219 Aesch.
727 1153 783 1235 Ag.
806 1161 878 1220 ltili.

130 1330 134 1359 3
245 1265 351 1350 soicrl'
374 1267 560 1363 ὁμόφωνον.

156 1398 226 1471 Quo
243 1399 274 1458 in
291 1415 385 1459 vorsu
399 1416 460 1458 non
481 1398 559 1460 solet
574 1398 716 1479 dactylus
736 1399 769 1460 in
784 1397 955 1479 spondeum
973 1401 1095 1461 mutari.
1130 1401 1248 1480 Integra

156 1501 215 1563 boo
230 1509 330 1562 metro
344 1501 479 1564 carmina
496 1501 621 1582 Sappho
636 1503 796 1582 scripsisse
812 1501 937 1582 dicitur,
964 1511 1000 1563 ut
1022 1501 1115 1563 relert
1130 1505 1249 1565 Teren-

122 1642 127 1685 3
157 1604 264 1667 tianus
278 1604 403 1665 Maurus
418 1624 449 1684 p.
465 1606 559 1667 2l3l.

246 1831 326 1901 290.
352 1835 1249 1918 Dimeteraoatalectuslereinsystamatisconiun-

119 1958 126 2025 ζ
158 1951 228 2005 uus
242 1958 315 2002 oum
331 1941 518 2002 tetrametris
533 1941 699 2003 invenitur.

110 2128 118 2265 J
201 2250 213 2271 J
244 2168 583 2256 §291.Trimetro
611 2176 848 2238 catalectico
870 2177 908 2236 iu
933 2175 1133 2255 syllabam
1157 2195 1249 2256 saepe

110 2268 119 2367 J
145 2274 341 2358 ‘udpoetae
376 2274 589 2339 Archilochus:

115 2388 122 2403 ’
244 2389 280 2459 ἓν
305 2389 344 2458 oi
364 2390 606 2482 Βατοοοιοὶδης.

117 2560 120 2567 -
158 2513 268 2581 loon.
288 2516 398 2599 Suppl.
419 2519 492 2580 85l.

122 2621 137 2685 ἶ
244 2629 427 2718 ἆλμιιέντα
449 2630 557 2723 πόρον

153 2734 157 2741 ’
245 2733 418 2826 δεσποσίῳ
443 2735 499 2818 ξὺν
521 2733 626 2826 ὕβρει.

110 3028 119 3053 ,
243 2969 359 3054 §292
386 2975 852 3037 Trimetricataiecticiin
871 2975 1118 3057 disyllabum
1134 3000 1246 3043 excin-

110 3056 120 3157 J
157 3076 207 3159 pla
223 3085 350 3140 exstant
364 3076 447 3158 apud
465 3077 558 3157 Soph.
578 3078 684 3140 Trach.
707 3081 778 3140 ill.

110 3200 125 3279 ζ·
244 3191 357 3259 πολλὰ
379 3191 440 3281 γὰρ
456 3188 529 3273 tii'cr'
547 3188 745 3278 ἀκάμαντος.

113 3294 117 3309 ’
244 3289 397 3386 ἢΝότου
420 3290 442 3386 ἢ
465 3294 575 3385 Βορέα
596 3321 647 3375 τις

244 3393 339 3488 εὐρέϊ
351 3397 481 3484 κύματα
496 3396 622 3488 πόντῳ.

155 3526 218 3600 Qui
239 3542 352 3587 vorsus
372 3524 426 3585 ubi
450 3525 481 3585 in
503 3525 602 3604 primo
630 3524 710 3604 pede
736 3524 907 3606 spondeum
935 3527 1044 3609 habet,
1071 3531 1243 3595 cavendum

113 3678 132 3711 „
154 3646 195 3690 ne
211 3627 421 3690 confundatur
435 3646 505 3689 cum
520 3646 614 3690 versu
628 3628 840 3709 Pherecrateo,
865 3640 900 3693 ut
915 3632 945 3692 in
962 3630 1069 3694 Aesoh.
1090 3631 1145 3714 bg.
1171 3638 1240 3699 108.

245 3738 332 3834 ἀλκᾷ
349 3741 520 3834 σύμφυτος
535 3739 628 3810 αἰών.

152 3871 188 3933 in
206 3866 345 3932 secundo
360 3867 440 3952 pede
456 3871 509 3931 vix
524 3870 698 3932 invenietur
712 3868 879 3951 spondeus.

247 4098 359 4184 §293
379 4103 573 4165 Trimeter
586 4103 833 4165 acatalectus
848 4103 947 4165 sicubi
959 4106 991 4167 in
1002 4108 1178 4187 systematis
1190 4108 1243 4169 iri-¹

153 4207 294 4284 venitur,
309 4225 423 4287 pravae
438 4207 541 4287 potius
552 4225 700 4270 versuum
717 4206 926 4270 distributioni
937 4208 1043 4272 deberi
1055 4208 1189 4289 videtur,
1208 4220 1244 4272 ut

212 4323 332 4365 Hermanni
344 4323 443 4374 Epitomo
452 4323 521 4364 doctr.
532 4325 643 4365 metricae.
1072 4330 1090 4394 ’ρΙ
