2804 4912
160 310 222 371 192
561 325 617 368 nro.
638 326 682 368 m.
716 325 779 367 ess.
799 324 837 365 rx.

158 482 332 544 Certissima
357 488 430 540 sunt
451 497 530 558 quae
553 480 582 538 in
601 486 797 539 monumento
813 478 988 556 Scipionum
1013 486 1086 538 sunt
1103 479 1285 541 invent-

157 605 236 664 quae
248 583 435 644 Niebuhrius
451 582 483 642 in
499 583 646 642 Historiae
659 583 813 641 Romanae
830 580 888 641 vol.
905 582 927 640 l.
947 599 978 658 p.
994 582 1067 640 963.
1089 578 1285 654 secunda-q

156 687 307 763 editionis
327 695 358 746 et
368 685 472 766 paullo
487 684 575 745 aliter
590 687 620 744 in
638 685 724 744 tertia
737 679 870 744 editione
881 703 912 763 p.
923 685 996 744 986.
1017 683 1073 744 sed
1090 685 1120 744 in
1132 693 1285 754 neuim

155 794 229 853 satis
251 789 453 871 probabiliter
468 787 615 850 distinxit.
650 789 761 847 Ponam
779 806 834 866 ego
850 805 975 866 quoqne
990 786 1143 847 obsoletae
1159 786 1285 849 scr?-

155 903 264 973 pturae
288 893 424 971 robigine
448 891 586 972 detersa,
616 891 828 971 distinctisque
850 890 908 950 alia
932 891 1104 951 litterarum
1130 888 1228 949 form:
1246 924 1285 960 1

154 1016 234 1076 qnae
249 997 378 1075 lapicida
394 997 565 1076 neglexisse
582 997 667 1057 visus
682 1003 744 1057 est:

242 1117 398 1179 Cornelius
414 1119 527 1179 Lucius
543 1117 643 1198 Scipio
661 1117 813 1178 Barbatus

242 1221 361 1282 Gnaeeui
375 1229 463 1301 patre
476 1228 643 1302 propnntus
658 1220 749 1300 sertis
763 1221 814 1280 uir
829 1221 1008 1300 sapiensque

240 1324 327 1385 eiiids
340 1324 442 1408 forma
456 1325 566 1386 virtuti
573 1325 748 1404 pdrissuma
761 1321 830 1404 fuit.

239 1427 341 1489 consili
355 1447 459 1490 censor
475 1427 584 1488 aedilis
599 1430 651 1510 qui
664 1428 723 1510 suit
738 1425 823 1507 apud
837 1444 900 1487 nos.

242 1528 421 1593 Tourdsiam
436 1534 604 1593 Gesaunam
621 1533 841 1608 Sdmniumque
857 1531 943 1611 cepit.

239 1634 349 1716 subipit
364 1653 476 1696 onlnem
493 1635 649 1696 Lacaenam
666 1635 839 1715 obsidesque
855 1632 987 1694 addimit.

153 1754 261 1815 Aliud:

239 1877 317 1938 dune
331 1876 424 1938 dniim
436 1878 568 1958 plurimi
581 1877 767 1938 consentiunt
781 1875 907 1934 Romani

239 1981 353 2040 Romae
370 1979 513 2041 bonorum
529 1979 680 2060 optumdm
695 1977 787 2060 fuisse
801 1979 901 2038 vinem

239 2084 364 2144 Lucium
383 2085 549 2165 Scipionem
564 2082 668 2162 filium
684 2081 823 2142 Barbati,

239 2186 343 2248 conscii
357 2205 462 2248 censor
477 2187 587 2249 aedilis
603 2187 650 2248 liic
664 2185 723 2267 suit
738 2183 824 2265 opud
839 2203 903 2244 vos

238 2290 286 2350 bic
302 2292 377 2371 ee'pit
393 2291 545 2352 Corsicam
561 2291 753 2369 Ale'riamque
769 2288 881 2349 uidem.

238 2393 319 2455 dedit
335 2392 447 2455 dicavit
464 2391 693 2476 Tempestdtibus
709 2391 812 2453 aedem
827 2391 945 2452 merita.

152 2511 245 2573 Aliud
258 2535 263 2573 :

405 2661 552 2678 .....
580 2617 633 2697 qui
647 2618 761 2698 dpieem
777 2618 892 2697 insipie

240 2719 328 2780 didlis
343 2719 477 2800 (laminis
489 2720 617 2801 pessisti,
636 2738 717 2781 mors
729 2717 867 2801 perfecit,

241 2825 293 2884 tud
308 2831 343 2886 ut
357 2831 453 2886 essent
466 2825 567 2885 omnia
583 2823 695 2900 bricia,
715 2824 815 2900 ionas,
833 2820 929 2903 fama,

237 2926 393 3008 cistisque
406 2927 504 3008 picria
520 2935 610 3008 atque
625 2928 788 3008 inpdnium,
807 2925 914 3005 quibus
929 2928 956 2986 si

236 3030 267 3090 in
283 3030 369 3110 idnpa
387 3031 518 3092 licuisset
532 3029 587 3093 tibi
600 3030 679 3092 ulier
692 3031 767 3108 vita,

238 3129 330 3212 facile
345 3151 522 3214 superasses
536 3132 665 3215 pliniana
681 3135 843 3196 maiorum.
896 3126 898 3130 ⁴

236 3238 332 3318 priore
346 3236 448 3299 lubens
464 3244 490 3298 te
505 3237 536 3298 in
550 3238 708 3318 pensilem,
728 3238 838 3319 Scipio,
857 3238 969 3318 recepit

236 3340 320 3399 terrd
337 3339 425 3401 Publi
435 3346 618 3422 propnetam
633 3339 737 3401 Potin
756 3341 883 3402 Corneli.

152 3461 197 3519 Ex
213 3459 260 3520 his
275 3461 443 3521 existimari
458 3470 559 3541 potest
579 3459 709 3521 fideliter
724 3461 877 3522 rettulisse
894 3463 927 3522 T.
948 3464 1088 3543 Livium,
1107 3482 1187 3545 quae
1200 3485 1230 3526 eo

153 3573 248 3623 metro
263 3564 348 3643 apud
364 3565 547 3627 vetustiores
563 3565 676 3644 scripta
692 3566 863 3643 invenerat,
882 3574 918 3626 ut
932 3566 1091 3628 oraculum
1107 3568 1233 3649 Delphi-

150 3686 220 3727 cum
236 3668 271 3729 V.
286 3669 335 3730 ld.
720 3665 726 3673 ’

240 3790 380 3868 Homine,
400 3808 512 3872 aquam
528 3786 675 3851 Albanam
692 3809 766 3852 eane
781 3791 849 3853 dieu
865 3791 1020 3868 contineri,

237 3910 311 3953 euve
325 3894 357 3953 in
372 3910 457 3954 mare
472 3911 601 3955 manare
616 3891 669 3954 sdo
683 3891 805 3971 [lumine
819 3894 923 3956 sebas:

236 3995 374 4057 emissam
387 4015 445 4077 per
459 4014 549 4078 apros
564 3996 691 4077 ripdbis,
711 3996 893 4076 dissipatam

235 4099 311 4160 rivis
326 4101 522 4180 enslinpnes:
540 4107 602 4161 tum
619 4108 650 4162 tu
666 4101 770 4161 insiste
785 4099 896 4161 aridam
911 4101 1037 4162 bostium

235 4203 342 4279 inuris,
362 4221 473 4263 mensor
488 4222 579 4282 qiiam
594 4222 650 4283 per
665 4211 705 4266 tot
720 4206 815 4264 dnnos
830 4204 946 4266 obsides
961 4205 1021 4265 iam
