2804 4912
211 299 272 359 144
587 316 643 359 nro.
663 316 696 360 u.
730 317 793 360 cor.
808 295 906 359 'xxxm

209 470 381 532 Solutiones
403 471 700 550 contractionemque
722 469 866 531 omnihus
887 468 986 531 modis
1007 466 1144 531 admittit
1166 466 1222 530 hic
1234 488 1303 531 nu-

210 591 324 652 merus,
344 574 420 633 etin
435 574 534 634 Ionica
550 572 675 652 quidem
691 572 787 634 torma
803 572 861 634 hoc
875 571 982 634 modo:

309 785 334 832 .'
369 781 459 831 :ov

295 905 405 938 ωυυ

210 1005 240 1065 in
256 1004 406 1066 trochaica
423 1012 526 1064 autem
542 1004 605 1064 sic:

308 1113 331 1160 .'.
345 1109 369 1158 0
394 1113 417 1159 .'
432 1109 457 1159 ῦ

294 1231 428 1264 ww

209 1332 324 1414 quihus
339 1328 598 1409 descriptionibus
613 1328 729 1391 formae
739 1332 934 1392 continentur
948 1330 1209 1410 duaedetriginta.
1238 1331 1305 1396 Sed

209 1444 293 1498 tanta
315 1433 481 1494 formarum
497 1431 662 1495 multitudo
683 1436 828 1514 quoniam
849 1435 973 1496 nimiam
990 1434 1205 1496 confusionem
1220 1454 1304 1516 pro-
1400 1455 1402 1464 ¹

208 1546 346 1601 creatura
362 1536 480 1614 fuisset,
499 1554 561 1597 non
577 1555 685 1597 omnes
700 1535 852 1598 admissas
868 1537 1019 1599 videmus.
1046 1538 1113 1599 Etsi
1128 1556 1304 1620 quousque

208 1642 348 1703 licentiae
363 1641 516 1720 progressi
531 1640 594 1701 sint
607 1649 731 1720 poetae,
758 1642 789 1700 in
812 1649 895 1702 tanta
912 1642 1122 1723 exemplorum
1139 1648 1304 1723 paucitate
1360 1686 1365 1695 ·

147 1818 152 1827 Ι
207 1764 269 1806 non
284 1745 374 1824 plane
390 1742 510 1804 definiri
525 1751 636 1823 potest.

293 1946 409 2031 5424.
435 1950 470 2011 In
484 1950 637 2030 versibus,
656 1968 734 2028 quos
746 1949 929 2031 Hephaestio
944 1950 1041 2030 affert,
1060 1962 1190 2030 praeter
1205 1957 1302 2020 Sota-

208 2053 313 2133 deum‚
339 2054 401 2116 duo
416 2064 537 2117 tantum
553 2061 635 2132 sunt,
658 2054 712 2132 qui
727 2071 800 2115 vere
814 2055 903 2114 lonioi
919 2073 936 2114 a
953 2055 1058 2115 maiori
1073 2075 1142 2118 esse
1161 2058 1301 2123 videan-

208 2168 268 2240 tur,
288 2157 477 2237 dimeter,
496 2159 550 2237 qui
566 2157 851 2220 Cleomaoheus
870 2166 1011 2220 vocatur:

292 2270 344 2351 τίς
365 2272 424 2362 τὴν
444 2269 560 2362 ὑδρίην
580 2269 674 2357 ὑμῶν

294 2370 462 2466 ἒψόφησ’,·
485 2374 547 2462 ἐγώ
569 2373 686 2458 πίνων,

207 2511 245 2565 et
266 2503 470 2581 trimeter,

292 2614 382 2696 πόας
403 2614 494 2703 τερὲν
515 2609 623 2695 ὄνθος
643 2612 794 2700 μαλακὸν
813 2623 991 2700 ματεῦσαι,

207 2745 260 2825 qui
276 2745 301 2807 si
317 2743 437 2805 Ionicus
452 2741 520 2822 iuit,
543 2733 648 2816 ποίας
662 2740 872 2804 scribendum.

292 2946 408 3030 5425.
437 2950 651 3013 Nobilissimus
665 2969 813 3012 versuum
829 2951 998 3013 ionicorum
1012 2970 1029 3013 a
1046 2953 1154 3014 maiori
1171 2955 1300 3021 Sota-

208 3055 300 3118 deus
322 3063 384 3133 est,
410 3053 505 3116 solam
520 3054 571 3114 ille
590 3053 630 3116 ad
645 3053 867 3132 recitationem,
894 3073 956 3115 non
977 3054 1018 3116 ad
1034 3066 1160 3119 cantum
1178 3058 1295 3141 factus,

206 3169 242 3221 ut
256 3158 369 3220 diserte
385 3156 475 3219 docet
489 3155 638 3220 Aristides
653 3157 861 3228 Quintilianus
882 3176 914 3236 p.
935 3159 986 3218 32.
1019 3160 1048 3222 Is
1063 3178 1177 3223 versus
1193 3172 1298 3227 tetra-

207 3272 304 3325 meter
319 3271 366 3322 est
380 3260 678 3340 brachycatalectus,
704 3280 743 3321 ex
763 3261 862 3322 tribus
877 3262 984 3323 Ionicis
1000 3272 1031 3324 et
1045 3263 1191 3327 trochaeo
1215 3285 1298 3329 oon-

206 3375 301 3429 stans.
335 3365 402 3427 Duo
418 3366 550 3427 trochaei
565 3365 598 3424 in
612 3363 751 3444 qualibet
768 3362 857 3442 sede,
883 3363 939 3425 sed
954 3365 1137 3446 plerumque
1152 3368 1187 3428 in
1204 3373 1297 3433 tertia
1363 3384 1367 3395 '

207 3470 416 3531 inveniuntur.
466 3470 591 3531 Formas
621 3468 688 3528 eius
716 3468 749 3528 in
777 3466 912 3548 pedibus
940 3469 1031 3530 ionici
1060 3471 1206 3551 exempla
1235 3474 1296 3537 has

206 3573 370 3654 praebent:

307 3675 330 3721 L
355 3674 380 3722 L
401 3690 451 3722 υυ
489 3673 513 3718 .'
541 3672 566 3718 .'
579 3687 631 3718 υυ
653 3671 678 3719 .'.
705 3672 729 3718 .'
743 3667 851 3720 υυέῦ

292 3783 344 3826 ω
356 3779 379 3825 .'
400 3794 452 3825 w
474 3779 526 3823 ύυ
541 3775 565 3823 .‘.
579 3791 631 3822 w
640 3780 692 3821 ύυ
707 3777 730 3824 L
742 3792 794 3823 w

306 3883 450 3930 έύυυυ
487 3879 630 3927 ἐψυυυ
654 3878 794 3927 έύυαα
