<?xml version="1.0" encoding="UTF-8"?>
<!DOCTYPE html PUBLIC "-//W3C//DTD XHTML 1.0 Transitional//EN"
    "http://www.w3.org/TR/xhtml1/DTD/xhtml1-transitional.dtd">
<html xmlns="http://www.w3.org/1999/xhtml" xml:lang="en" lang="en">
 <head>
  <title>
</title>
<meta http-equiv="Content-Type" content="text/html;charset=utf-8" />
  <meta name='ocr-system' content='tesseract 3.04.00' />
  <meta name='ocr-capabilities' content='ocr_page ocr_carea ocr_par ocr_line ocrx_word'/>
</head>
<body>
  <div class='ocr_page' id='page_1' title='image "./godofrediherman00hermgoog/godofrediherman00hermgoog_0162.png"; bbox 0 0 2804 4912; ppageno 0'>
   <div class='ocr_carea' id='block_1_1' title="bbox 398 315 1174 379">
    <p class='ocr_par' dir='ltr' id='par_1_1' title="bbox 398 315 1174 379">
     <span class='ocr_line' id='line_1_1' title="bbox 398 315 1174 379; baseline 0 0"><span class='ocrx_word' id='word_1_1' title='bbox 398 337 435 379; x_wconf 82' lang='lat' dir='ltr'>ur</span> <span class='ocrx_word' id='word_1_2' title='bbox 451 335 654 379; x_wconf 76' lang='lat' dir='ltr'>lnnrrrarrers</span> <span class='ocrx_word' id='word_1_3' title='bbox 670 334 878 378; x_wconf 75' lang='lat' dir='ltr'>ramaarnrs.</span> <span class='ocrx_word' id='word_1_4' title='bbox 1115 315 1174 379; x_wconf 82' lang='lat'>129</span> 
     </span>
    </p>
   </div>
   <div class='ocr_carea' id='block_1_2' title="bbox 134 483 1180 863">
    <p class='ocr_par' dir='ltr' id='par_1_2' title="bbox 134 483 1180 863">
     <span class='ocr_line' id='line_1_2' title="bbox 174 483 1179 582; baseline -0.004 -30"><span class='ocrx_word' id='word_1_5' title='bbox 174 483 297 566; x_wconf 58' lang='lat'><strong>5385.</strong></span> <span class='ocrx_word' id='word_1_6' title='bbox 325 489 460 550; x_wconf 80' lang='lat' dir='ltr'>(laesura</span> <span class='ocrx_word' id='word_1_7' title='bbox 475 507 521 569; x_wconf 89' lang='lat' dir='ltr'>ea,</span> <span class='ocrx_word' id='word_1_8' title='bbox 541 507 622 569; x_wconf 89' lang='lat' dir='ltr'>quae</span> <span class='ocrx_word' id='word_1_9' title='bbox 637 496 684 550; x_wconf 85' lang='lat' dir='ltr'>est</span> <span class='ocrx_word' id='word_1_10' title='bbox 699 488 730 548; x_wconf 92' lang='lat' dir='ltr'>in</span> <span class='ocrx_word' id='word_1_11' title='bbox 747 488 807 582; x_wconf 83' lang='lat' dir='ltr'>line</span> <span class='ocrx_word' id='word_1_12' title='bbox 823 485 952 550; x_wconf 79' lang='lat' dir='ltr'>secundi</span> <span class='ocrx_word' id='word_1_13' title='bbox 968 485 1067 566; x_wconf 87' lang='lat' dir='ltr'>pedis,</span> <span class='ocrx_word' id='word_1_14' title='bbox 1087 505 1179 568; x_wconf 82' lang='lat' dir='ltr'><strong>saepe</strong></span> 
     </span>
     <span class='ocr_line' id='line_1_3' title="bbox 134 580 1177 673; baseline -0.006 -15"><span class='ocrx_word' id='word_1_15' title='bbox 134 580 273 671; x_wconf 69' lang='lat' dir='ltr'>eligitur,</span> <span class='ocrx_word' id='word_1_16' title='bbox 292 591 349 654; x_wconf 89' lang='lat' dir='ltr'>sed</span> <span class='ocrx_word' id='word_1_17' title='bbox 364 594 547 673; x_wconf 88' lang='lat' dir='ltr'>plerumque</span> <span class='ocrx_word' id='word_1_18' title='bbox 563 594 624 672; x_wconf 84' lang='lat' dir='ltr'>sic,</span> <span class='ocrx_word' id='word_1_19' title='bbox 649 593 731 654; x_wconf 91' lang='lat' dir='ltr'>utin</span> <span class='ocrx_word' id='word_1_20' title='bbox 751 593 889 671; x_wconf 83' lang='lat' dir='ltr'>proxima</span> <span class='ocrx_word' id='word_1_21' title='bbox 911 591 1000 654; x_wconf 88' lang='lat' dir='ltr'>brevi</span> <span class='ocrx_word' id='word_1_22' title='bbox 1013 589 1177 671; x_wconf 80' lang='lat' dir='ltr'>incidatur,</span> 
     </span>
     <span class='ocr_line' id='line_1_4' title="bbox 134 694 1180 844; baseline 0.003 -93"><span class='ocrx_word' id='word_1_23' title='bbox 134 696 177 844; x_wconf 72' lang='lat' dir='ltr'>¹lae</span> <span class='ocrx_word' id='word_1_24' title='bbox 191 694 249 756; x_wconf 94' lang='lat' dir='ltr'>alia</span> <span class='ocrx_word' id='word_1_25' title='bbox 264 697 368 776; x_wconf 88' lang='lat' dir='ltr'>potius</span> <span class='ocrx_word' id='word_1_26' title='bbox 383 713 529 775; x_wconf 81' lang='lat' dir='ltr'>caesura,</span> <span class='ocrx_word' id='word_1_27' title='bbox 555 713 649 774; x_wconf 85' lang='lat' dir='ltr'>quarn</span> <span class='ocrx_word' id='word_1_28' title='bbox 669 695 818 775; x_wconf 77' lang='lat' dir='ltr'>neglectio</span> <span class='ocrx_word' id='word_1_29' title='bbox 838 712 982 757; x_wconf 81' lang='lat' dir='ltr'><strong>caesurae</strong></span> <span class='ocrx_word' id='word_1_30' title='bbox 997 703 1054 755; x_wconf 89' lang='lat' dir='ltr'>est.</span> <span class='ocrx_word' id='word_1_31' title='bbox 1087 695 1126 756; x_wconf 83' lang='lat' dir='ltr'>Vt</span> <span class='ocrx_word' id='word_1_32' title='bbox 1148 696 1180 754; x_wconf 93' lang='lat' dir='ltr'>in</span> 
     </span>
     <span class='ocr_line' id='line_1_5' title="bbox 140 800 369 863; baseline 0.048 -11"><span class='ocrx_word' id='word_1_33' title='bbox 140 800 181 854; x_wconf 85' lang='lat' dir='ltr'>uto</span> <span class='ocrx_word' id='word_1_34' title='bbox 195 815 224 858; x_wconf 92' lang='lat' dir='ltr'>v.</span> <span class='ocrx_word' id='word_1_35' title='bbox 245 800 318 860; x_wconf 81' lang='lat'><strong>570.</strong></span> <span class='ocrx_word' id='word_1_36' title='bbox 364 853 369 863; x_wconf 94' lang='grc'><em>,</em></span> 
     </span>
    </p>
   </div>
   <div class='ocr_carea' id='block_1_3' title="bbox 184 909 729 1005">
    <p class='ocr_par' dir='ltr' id='par_1_3' title="bbox 184 909 729 1005">
     <span class='ocr_line' id='line_1_6' title="bbox 184 909 729 1005; baseline 0.004 -27"><span class='ocrx_word' id='word_1_37' title='bbox 184 909 441 997; x_wconf 73' lang='grc' dir='ltr'><strong><em>ἐπιβουλεύουσί</em></strong></span> <span class='ocrx_word' id='word_1_38' title='bbox 461 939 498 982; x_wconf 93' lang='grc' dir='ltr'>τε</span> <span class='ocrx_word' id='word_1_39' title='bbox 519 918 569 1001; x_wconf 78' lang='grc' dir='ltr'>τῷ</span> <span class='ocrx_word' id='word_1_40' title='bbox 590 911 729 1005; x_wconf 72' lang='grc' dir='ltr'>πλήθει.</span> 
     </span>
    </p>
   </div>
   <div class='ocr_carea' id='block_1_4' title="bbox 134 1017 1209 2223">
    <p class='ocr_par' dir='ltr' id='par_1_4' title="bbox 134 1017 1209 1430">
     <span class='ocr_line' id='line_1_7' title="bbox 134 1017 1209 1121; baseline 0.005 -23"><span class='ocrx_word' id='word_1_41' title='bbox 134 1034 160 1098; x_wconf 75' lang='lat' dir='ltr'>ni</span> <span class='ocrx_word' id='word_1_42' title='bbox 179 1056 272 1119; x_wconf 89' lang='lat' dir='ltr'>saepe</span> <span class='ocrx_word' id='word_1_43' title='bbox 294 1058 401 1102; x_wconf 88' lang='lat' dir='ltr'>revera</span> <span class='ocrx_word' id='word_1_44' title='bbox 423 1040 586 1120; x_wconf 77' lang='lat' dir='ltr'>negligitur</span> <span class='ocrx_word' id='word_1_45' title='bbox 607 1040 736 1103; x_wconf 85' lang='lat' dir='ltr'>secundi</span> <span class='ocrx_word' id='word_1_46' title='bbox 756 1017 846 1121; x_wconf 83' lang='lat' dir='ltr'>pedis</span> <span class='ocrx_word' id='word_1_47' title='bbox 866 1055 1008 1120; x_wconf 81' lang='lat' dir='ltr'>caesura,</span> <span class='ocrx_word' id='word_1_48' title='bbox 1037 1036 1126 1101; x_wconf 82' lang='lat' dir='ltr'>inodo</span> <span class='ocrx_word' id='word_1_49' title='bbox 1146 1039 1179 1103; x_wconf 94' lang='lat' dir='ltr'>id</span> <span class='ocrx_word' id='word_1_50' title='bbox 1205 1025 1209 1031; x_wconf 40' lang='lat'>⁶</span> 
     </span>
     <span class='ocr_line' id='line_1_8' title="bbox 139 1133 1179 1224; baseline 0.004 -23"><span class='ocrx_word' id='word_1_51' title='bbox 139 1140 269 1202; x_wconf 87' lang='lat' dir='ltr'>tverbis</span> <span class='ocrx_word' id='word_1_52' title='bbox 291 1161 352 1205; x_wconf 90' lang='lat' dir='ltr'>non</span> <span class='ocrx_word' id='word_1_53' title='bbox 368 1143 556 1223; x_wconf 86' lang='lat' dir='ltr'>ineleganter</span> <span class='ocrx_word' id='word_1_54' title='bbox 569 1133 742 1224; x_wconf 82' lang='lat' dir='ltr'>dispo&#39;sitis,</span> <span class='ocrx_word' id='word_1_55' title='bbox 768 1152 803 1205; x_wconf 89' lang='lat' dir='ltr'>ut</span> <span class='ocrx_word' id='word_1_56' title='bbox 825 1145 851 1205; x_wconf 86' lang='grc' dir='ltr'>εἰ</span> <span class='ocrx_word' id='word_1_57' title='bbox 870 1141 1026 1206; x_wconf 81' lang='lat' dir='ltr'>secundus</span> <span class='ocrx_word' id='word_1_58' title='bbox 1045 1162 1101 1223; x_wconf 88' lang='lat' dir='ltr'>pes</span> <span class='ocrx_word' id='word_1_59' title='bbox 1117 1142 1179 1205; x_wconf 92' lang='lat' dir='ltr'>da-</span> 
     </span>
     <span class='ocr_line' id='line_1_9' title="bbox 135 1243 1176 1327; baseline 0.003 -23"><span class='ocrx_word' id='word_1_60' title='bbox 135 1243 197 1317; x_wconf 73' lang='lat' dir='ltr'>(lus</span> <span class='ocrx_word' id='word_1_61' title='bbox 212 1255 270 1325; x_wconf 84' lang='lat' dir='ltr'>est,</span> <span class='ocrx_word' id='word_1_62' title='bbox 289 1255 321 1308; x_wconf 88' lang='lat' dir='ltr'>et</span> <span class='ocrx_word' id='word_1_63' title='bbox 334 1248 367 1308; x_wconf 91' lang='lat' dir='ltr'>in</span> <span class='ocrx_word' id='word_1_64' title='bbox 382 1246 470 1327; x_wconf 87' lang='lat' dir='ltr'>longa</span> <span class='ocrx_word' id='word_1_65' title='bbox 482 1248 623 1308; x_wconf 86' lang='lat' dir='ltr'>anaerusi</span> <span class='ocrx_word' id='word_1_66' title='bbox 638 1249 718 1309; x_wconf 85' lang='lat' dir='ltr'>tertii</span> <span class='ocrx_word' id='word_1_67' title='bbox 734 1246 824 1327; x_wconf 87' lang='lat' dir='ltr'>pedis</span> <span class='ocrx_word' id='word_1_68' title='bbox 836 1246 967 1309; x_wconf 86' lang='lat' dir='ltr'>verbum</span> <span class='ocrx_word' id='word_1_69' title='bbox 979 1248 1176 1309; x_wconf 84' lang='lat' dir='ltr'>terminatur:</span> 
     </span>
     <span class='ocr_line' id='line_1_10' title="bbox 142 1347 545 1430; baseline 0.007 -22"><span class='ocrx_word' id='word_1_70' title='bbox 142 1349 175 1409; x_wconf 90' lang='lat' dir='ltr'>iu</span> <span class='ocrx_word' id='word_1_71' title='bbox 192 1347 250 1428; x_wconf 88' lang='lat' dir='ltr'>Eq.</span> <span class='ocrx_word' id='word_1_72' title='bbox 271 1353 342 1412; x_wconf 85' lang='lat'><strong>508.</strong></span> <span class='ocrx_word' id='word_1_73' title='bbox 361 1350 453 1430; x_wconf 88' lang='lat' dir='ltr'>Vesp.</span> <span class='ocrx_word' id='word_1_74' title='bbox 475 1353 545 1411; x_wconf 79' lang='grc'><strong>686.</strong></span> 
     </span>
    </p>

    <p class='ocr_par' dir='ltr' id='par_1_5' title="bbox 179 1458 634 1554">
     <span class='ocr_line' id='line_1_11' title="bbox 179 1458 634 1554; baseline 0.007 -25"><span class='ocrx_word' id='word_1_75' title='bbox 179 1458 360 1554; x_wconf 76' lang='grc' dir='ltr'><em>ἠνάγκαζεν</em></span> <span class='ocrx_word' id='word_1_76' title='bbox 383 1462 447 1554; x_wconf 72' lang='grc' dir='ltr'>ἔντη</span> <span class='ocrx_word' id='word_1_77' title='bbox 470 1463 634 1547; x_wconf 80' lang='grc' dir='ltr'><em>λέξοντας.</em></span> 
     </span>
    </p>

    <p class='ocr_par' dir='ltr' id='par_1_6' title="bbox 136 1561 871 1756">
     <span class='ocr_line' id='line_1_12' title="bbox 180 1561 871 1659; baseline 0 -25"><span class='ocrx_word' id='word_1_78' title='bbox 180 1567 238 1635; x_wconf 81' lang='grc' dir='ltr'>σοὶ</span> <span class='ocrx_word' id='word_1_79' title='bbox 260 1561 290 1634; x_wconf 79' lang='grc' dir='ltr'>δ’</span> <span class='ocrx_word' id='word_1_80' title='bbox 310 1562 350 1659; x_wconf 76' lang='grc' dir='ltr'>ἤν</span> <span class='ocrx_word' id='word_1_81' title='bbox 370 1564 423 1647; x_wconf 84' lang='grc' dir='ltr'>τίς</span> <span class='ocrx_word' id='word_1_82' title='bbox 444 1593 480 1657; x_wconf 84' lang='lat' dir='ltr'>ya</span> <span class='ocrx_word' id='word_1_83' title='bbox 502 1569 590 1657; x_wconf 76' lang='grc' dir='ltr'>διδῷ</span> <span class='ocrx_word' id='word_1_84' title='bbox 610 1571 700 1657; x_wconf 81' lang='grc' dir='ltr'><strong><em>τρεῖς</em></strong></span> <span class='ocrx_word' id='word_1_85' title='bbox 721 1563 871 1655; x_wconf 62' lang='lat' dir='ltr'>analag.</span> 
     </span>
     <span class='ocr_line' id='line_1_13' title="bbox 136 1692 448 1756; baseline 0.006 -3"><span class='ocrx_word' id='word_1_86' title='bbox 136 1692 384 1756; x_wconf 84' lang='lat' dir='ltr'>iscribendum:</span> <span class='ocrx_word' id='word_1_87' title='bbox 445 1750 448 1755; x_wconf 90' lang='lat'>.</span> 
     </span>
    </p>

    <p class='ocr_par' dir='ltr' id='par_1_7' title="bbox 179 1802 632 1900">
     <span class='ocr_line' id='line_1_14' title="bbox 179 1802 632 1900; baseline 0.002 -26"><span class='ocrx_word' id='word_1_88' title='bbox 179 1802 360 1898; x_wconf 75' lang='grc' dir='ltr'><em>ἠνάγκαζεν</em></span> <span class='ocrx_word' id='word_1_89' title='bbox 382 1808 537 1891; x_wconf 81' lang='grc' dir='ltr'><em>λέξοντας</em></span> <span class='ocrx_word' id='word_1_90' title='bbox 558 1816 632 1900; x_wconf 79' lang='grc' dir='ltr'>ἔπη.</span> 
     </span>
    </p>

    <p class='ocr_par' dir='ltr' id='par_1_8' title="bbox 136 1906 1181 2223">
     <span class='ocr_line' id='line_1_15' title="bbox 180 1906 876 2002; baseline -0.003 -23"><span class='ocrx_word' id='word_1_91' title='bbox 180 1912 240 1979; x_wconf 86' lang='grc' dir='ltr'>σαὶ</span> <span class='ocrx_word' id='word_1_92' title='bbox 263 1908 291 1978; x_wconf 82' lang='grc' dir='ltr'>δ’</span> <span class='ocrx_word' id='word_1_93' title='bbox 313 1906 352 2002; x_wconf 77' lang='grc' dir='ltr'>ἤν</span> <span class='ocrx_word' id='word_1_94' title='bbox 372 1936 425 1991; x_wconf 84' lang='grc' dir='ltr'>τις</span> <span class='ocrx_word' id='word_1_95' title='bbox 446 1913 497 2002; x_wconf 77' lang='grc' dir='ltr'>δῷ</span> <span class='ocrx_word' id='word_1_96' title='bbox 516 1910 595 1992; x_wconf 76' lang='grc' dir='ltr'><strong><em>τοὺς</em></strong></span> <span class='ocrx_word' id='word_1_97' title='bbox 615 1915 705 2002; x_wconf 80' lang='grc' dir='ltr'><strong><em>τρεῖς</em></strong></span> <span class='ocrx_word' id='word_1_98' title='bbox 725 1907 876 1998; x_wconf 56' lang='lat' dir='ltr'>tattone.</span> 
     </span>
     <span class='ocr_line' id='line_1_16' title="bbox 136 2038 1181 2120; baseline 0.002 -22"><span class='ocrx_word' id='word_1_99' title='bbox 136 2055 203 2119; x_wconf 90' lang='lat' dir='ltr'>que</span> <span class='ocrx_word' id='word_1_100' title='bbox 225 2038 350 2118; x_wconf 86' lang='lat' dir='ltr'>elegans</span> <span class='ocrx_word' id='word_1_101' title='bbox 372 2048 419 2098; x_wconf 85' lang='lat' dir='ltr'>est</span> <span class='ocrx_word' id='word_1_102' title='bbox 440 2057 565 2117; x_wconf 90' lang='lat' dir='ltr'>versus,</span> <span class='ocrx_word' id='word_1_103' title='bbox 590 2040 678 2100; x_wconf 87' lang='lat' dir='ltr'>euius</span> <span class='ocrx_word' id='word_1_104' title='bbox 701 2048 830 2118; x_wconf 90' lang='lat' dir='ltr'>quartus</span> <span class='ocrx_word' id='word_1_105' title='bbox 853 2057 908 2119; x_wconf 83' lang='lat' dir='ltr'>pes</span> <span class='ocrx_word' id='word_1_106' title='bbox 924 2056 1007 2105; x_wconf 80' lang='lat' dir='ltr'>voce.</span> <span class='ocrx_word' id='word_1_107' title='bbox 1019 2040 1181 2120; x_wconf 79' lang='lat' dir='ltr'>monosyl-</span> 
     </span>
     <span class='ocr_line' id='line_1_17' title="bbox 136 2140 1180 2223; baseline -0.001 -18"><span class='ocrx_word' id='word_1_108' title='bbox 136 2140 305 2205; x_wconf 74' lang='lat' dir='ltr'>alluitur:</span> <span class='ocrx_word' id='word_1_109' title='bbox 331 2143 388 2202; x_wconf 89' lang='lat' dir='ltr'>etsi</span> <span class='ocrx_word' id='word_1_110' title='bbox 406 2142 523 2223; x_wconf 84' lang='lat' dir='ltr'>aliquot</span> <span class='ocrx_word' id='word_1_111' title='bbox 544 2140 722 2204; x_wconf 84' lang='lat' dir='ltr'>huiusmodi</span> <span class='ocrx_word' id='word_1_112' title='bbox 737 2141 879 2222; x_wconf 83' lang='lat' dir='ltr'>exempla</span> <span class='ocrx_word' id='word_1_113' title='bbox 902 2143 1119 2206; x_wconf 84' lang='lat' dir='ltr'>inveniuntur:</span> <span class='ocrx_word' id='word_1_114' title='bbox 1144 2151 1180 2205; x_wconf 89' lang='lat' dir='ltr'>ut</span> 
     </span>
    </p>
   </div>
   <div class='ocr_carea' id='block_1_5' title="bbox 139 2244 628 2450">
    <p class='ocr_par' dir='ltr' id='par_1_9' title="bbox 139 2244 628 2450">
     <span class='ocr_line' id='line_1_18' title="bbox 139 2244 294 2325; baseline -0.006 -19"><span class='ocrx_word' id='word_1_115' title='bbox 139 2244 201 2325; x_wconf 84' lang='lat' dir='ltr'>uq.</span> <span class='ocrx_word' id='word_1_116' title='bbox 222 2244 294 2306; x_wconf 80' lang='lat' dir='ltr'><strong>aaa.</strong></span> 
     </span>
     <span class='ocr_line' id='line_1_19' title="bbox 183 2351 628 2450; baseline -0.007 -22"><span class='ocrx_word' id='word_1_117' title='bbox 183 2356 345 2450; x_wconf 72' lang='grc' dir='ltr'>ἐξεβλήθη</span> <span class='ocrx_word' id='word_1_118' title='bbox 367 2355 551 2449; x_wconf 79' lang='grc' dir='ltr'><strong><em>πρεσβύτης</em></strong></span> <span class='ocrx_word' id='word_1_119' title='bbox 572 2351 628 2426; x_wconf 70' lang='grc' dir='ltr'>ὅν.</span> 
     </span>
    </p>
   </div>
   <div class='ocr_carea' id='block_1_6' title="bbox 136 2456 1037 2570">
    <p class='ocr_par' dir='ltr' id='par_1_10' title="bbox 136 2456 1037 2570">
     <span class='ocr_line' id='line_1_20' title="bbox 136 2456 1037 2570; baseline 0.001 -21"><span class='ocrx_word' id='word_1_120' title='bbox 136 2484 173 2549; x_wconf 86' lang='lat' dir='ltr'>de</span> <span class='ocrx_word' id='word_1_121' title='bbox 191 2484 230 2547; x_wconf 91' lang='lat' dir='ltr'>de</span> <span class='ocrx_word' id='word_1_122' title='bbox 246 2486 294 2547; x_wconf 86' lang='lat' dir='ltr'>his</span> <span class='ocrx_word' id='word_1_123' title='bbox 309 2485 403 2548; x_wconf 88' lang='lat' dir='ltr'>rebus</span> <span class='ocrx_word' id='word_1_124' title='bbox 418 2485 562 2548; x_wconf 86' lang='lat' dir='ltr'>omnibus</span> <span class='ocrx_word' id='word_1_125' title='bbox 577 2456 675 2547; x_wconf 72' lang='lat' dir='ltr'>Eleni.</span> <span class='ocrx_word' id='word_1_126' title='bbox 694 2483 725 2548; x_wconf 91' lang='lat' dir='ltr'>d.</span> <span class='ocrx_word' id='word_1_127' title='bbox 746 2505 787 2548; x_wconf 90' lang='lat' dir='ltr'>m.</span> <span class='ocrx_word' id='word_1_128' title='bbox 805 2505 837 2568; x_wconf 89' lang='lat' dir='ltr'>p.</span> <span class='ocrx_word' id='word_1_129' title='bbox 858 2489 930 2550; x_wconf 83' lang='lat'><strong>399.</strong></span> <span class='ocrx_word' id='word_1_130' title='bbox 949 2505 1037 2570; x_wconf 89' lang='lat' dir='ltr'>aeqq.</span> 
     </span>
    </p>
   </div>
   <div class='ocr_carea' id='block_1_7' title="bbox 136 2689 1182 3289">
    <p class='ocr_par' dir='ltr' id='par_1_11' title="bbox 136 2689 1182 3289">
     <span class='ocr_line' id='line_1_21' title="bbox 183 2689 1180 2776; baseline -0.003 -18"><span class='ocrx_word' id='word_1_131' title='bbox 183 2689 299 2774; x_wconf 63' lang='lat'><strong>5386.</strong></span> <span class='ocrx_word' id='word_1_132' title='bbox 325 2693 391 2754; x_wconf 89' lang='lat' dir='ltr'>Non</span> <span class='ocrx_word' id='word_1_133' title='bbox 419 2692 575 2755; x_wconf 89' lang='lat' dir='ltr'>invenitur</span> <span class='ocrx_word' id='word_1_134' title='bbox 595 2695 627 2754; x_wconf 92' lang='lat' dir='ltr'>in</span> <span class='ocrx_word' id='word_1_135' title='bbox 650 2694 698 2754; x_wconf 91' lang='lat' dir='ltr'>his</span> <span class='ocrx_word' id='word_1_136' title='bbox 718 2693 862 2756; x_wconf 88' lang='lat' dir='ltr'>versibus</span> <span class='ocrx_word' id='word_1_137' title='bbox 889 2695 1180 2776; x_wconf 79' lang='lat' dir='ltr'>proeeleuamaticus</span> 
     </span>
     <span class='ocr_line' id='line_1_22' title="bbox 136 2795 1181 2878; baseline 0 -20"><span class='ocrx_word' id='word_1_138' title='bbox 136 2805 334 2874; x_wconf 78' lang='lat' dir='ltr'>panapaesto</span> <span class='ocrx_word' id='word_1_139' title='bbox 356 2797 492 2877; x_wconf 82' lang='lat' dir='ltr'>positus,</span> <span class='ocrx_word' id='word_1_140' title='bbox 515 2815 573 2858; x_wconf 86' lang='lat' dir='ltr'>nee</span> <span class='ocrx_word' id='word_1_141' title='bbox 594 2795 737 2877; x_wconf 81' lang='lat' dir='ltr'>dactylus</span> <span class='ocrx_word' id='word_1_142' title='bbox 752 2807 901 2877; x_wconf 86' lang='lat' dir='ltr'>sequente</span> <span class='ocrx_word' id='word_1_143' title='bbox 915 2807 1098 2878; x_wconf 81' lang='lat' dir='ltr'>anapaesta,</span> <span class='ocrx_word' id='word_1_144' title='bbox 1121 2800 1181 2859; x_wconf 87' lang='lat' dir='ltr'>nisi</span> 
     </span>
     <span class='ocr_line' id='line_1_23' title="bbox 151 2897 1180 2979; baseline 0.002 -19"><span class='ocrx_word' id='word_1_145' title='bbox 151 2906 191 2960; x_wconf 85' lang='lat' dir='ltr'>ut</span> <span class='ocrx_word' id='word_1_146' title='bbox 211 2897 353 2977; x_wconf 82' lang='lat' dir='ltr'>dactylus</span> <span class='ocrx_word' id='word_1_147' title='bbox 376 2908 522 2979; x_wconf 89' lang='lat' dir='ltr'>quartum</span> <span class='ocrx_word' id='word_1_148' title='bbox 543 2900 643 2962; x_wconf 88' lang='lat' dir='ltr'>locum</span> <span class='ocrx_word' id='word_1_149' title='bbox 667 2907 778 2961; x_wconf 86' lang='lat' dir='ltr'>teneat.</span> <span class='ocrx_word' id='word_1_150' title='bbox 811 2899 903 2973; x_wconf 89' lang='lat' dir='ltr'>Quod</span> <span class='ocrx_word' id='word_1_151' title='bbox 917 2901 975 2962; x_wconf 78' lang='lat' dir='ltr'>etsi</span> <span class='ocrx_word' id='word_1_152' title='bbox 988 2902 1180 2964; x_wconf 83' lang='lat' dir='ltr'>rarissimum</span> 
     </span>
     <span class='ocr_line' id='line_1_24' title="bbox 137 3001 1182 3084; baseline 0.007 -24"><span class='ocrx_word' id='word_1_153' title='bbox 137 3019 152 3081; x_wconf 55' lang='lat' dir='ltr'>g</span> <span class='ocrx_word' id='word_1_154' title='bbox 179 3008 284 3062; x_wconf 84' lang='lat' dir='ltr'>tamen</span> <span class='ocrx_word' id='word_1_155' title='bbox 305 3021 366 3064; x_wconf 93' lang='lat' dir='ltr'>non</span> <span class='ocrx_word' id='word_1_156' title='bbox 382 3004 477 3083; x_wconf 90' lang='lat' dir='ltr'>magis</span> <span class='ocrx_word' id='word_1_157' title='bbox 492 3001 677 3084; x_wconf 82' lang='lat' dir='ltr'>reprehendi</span> <span class='ocrx_word' id='word_1_158' title='bbox 697 3010 814 3084; x_wconf 84' lang='lat' dir='ltr'>potest,</span> <span class='ocrx_word' id='word_1_159' title='bbox 841 3021 935 3083; x_wconf 90' lang='lat' dir='ltr'>quam</span> <span class='ocrx_word' id='word_1_160' title='bbox 955 3003 1064 3066; x_wconf 88' lang='lat' dir='ltr'>eadem</span> <span class='ocrx_word' id='word_1_161' title='bbox 1079 3007 1112 3067; x_wconf 90' lang='lat' dir='ltr'>iu</span> <span class='ocrx_word' id='word_1_162' title='bbox 1128 3005 1182 3067; x_wconf 93' lang='lat' dir='ltr'>di-</span> 
     </span>
     <span class='ocr_line' id='line_1_25' title="bbox 137 3103 1176 3191; baseline 0.003 -26"><span class='ocrx_word' id='word_1_163' title='bbox 137 3103 204 3165; x_wconf 80' lang='lat' dir='ltr'>nris</span> <span class='ocrx_word' id='word_1_164' title='bbox 220 3103 332 3184; x_wconf 84' lang='lat' dir='ltr'>dactyli</span> <span class='ocrx_word' id='word_1_165' title='bbox 349 3115 379 3167; x_wconf 88' lang='lat' dir='ltr'>et</span> <span class='ocrx_word' id='word_1_166' title='bbox 393 3108 550 3187; x_wconf 89' lang='lat' dir='ltr'>anapaesti</span> <span class='ocrx_word' id='word_1_167' title='bbox 566 3107 753 3187; x_wconf 79' lang='lat' dir='ltr'>coniunctio,</span> <span class='ocrx_word' id='word_1_168' title='bbox 773 3105 812 3168; x_wconf 88' lang='lat' dir='ltr'>de</span> <span class='ocrx_word' id='word_1_169' title='bbox 827 3125 890 3187; x_wconf 90' lang='lat' dir='ltr'>qua</span> <span class='ocrx_word' id='word_1_170' title='bbox 905 3108 1054 3169; x_wconf 87' lang='lat' dir='ltr'>monitum</span> <span class='ocrx_word' id='word_1_171' title='bbox 1069 3106 1087 3191; x_wconf 61' lang='grc' dir='ltr'><strong>ξ</strong></span> <span class='ocrx_word' id='word_1_172' title='bbox 1104 3110 1176 3172; x_wconf 87' lang='grc'><strong>369.</strong></span> 
     </span>
     <span class='ocr_line' id='line_1_26' title="bbox 137 3207 453 3289; baseline 0.006 -20"><span class='ocrx_word' id='word_1_173' title='bbox 137 3207 250 3289; x_wconf 84' lang='lat' dir='ltr'>iatoph.</span> <span class='ocrx_word' id='word_1_174' title='bbox 270 3209 360 3288; x_wconf 89' lang='lat' dir='ltr'>Vesp.</span> <span class='ocrx_word' id='word_1_175' title='bbox 381 3211 453 3271; x_wconf 82' lang='lat'><strong>397.</strong></span> 
     </span>
    </p>
   </div>
   <div class='ocr_carea' id='block_1_8' title="bbox 184 3316 1178 3419">
    <p class='ocr_par' dir='ltr' id='par_1_12' title="bbox 184 3316 1178 3419">
     <span class='ocr_line' id='line_1_27' title="bbox 184 3316 1178 3419; baseline 0.002 -29"><span class='ocrx_word' id='word_1_176' title='bbox 184 3320 285 3390; x_wconf 78' lang='grc' dir='ltr'><em>αὑτὸν</em></span> <span class='ocrx_word' id='word_1_177' title='bbox 300 3321 413 3413; x_wconf 81' lang='grc' dir='ltr'><em>δήσας,</em></span> <span class='ocrx_word' id='word_1_178' title='bbox 431 3316 669 3414; x_wconf 76' lang='grc' dir='ltr'>ὦμιαρώτατε,</span> <span class='ocrx_word' id='word_1_179' title='bbox 682 3322 717 3393; x_wconf 82' lang='grc' dir='ltr'><strong><em>τί</em></strong></span> <span class='ocrx_word' id='word_1_180' title='bbox 730 3329 862 3409; x_wconf 53' lang='lat' dir='ltr'>mereim</span> <span class='ocrx_word' id='word_1_181' title='bbox 877 3320 913 3392; x_wconf 74' lang='grc' dir='ltr'>οἰ</span> <span class='ocrx_word' id='word_1_182' title='bbox 928 3323 974 3415; x_wconf 84' lang='grc' dir='ltr'>μὴ</span> <span class='ocrx_word' id='word_1_183' title='bbox 986 3325 1178 3419; x_wconf 79' lang='grc' dir='ltr'>καταβήσει.</span> 
     </span>
    </p>
   </div>
   <div class='ocr_carea' id='block_1_9' title="bbox 184 3548 1177 3634">
    <p class='ocr_par' dir='ltr' id='par_1_13' title="bbox 184 3548 1177 3634">
     <span class='ocr_line' id='line_1_28' title="bbox 184 3548 1177 3634; baseline -0.001 -16"><span class='ocrx_word' id='word_1_184' title='bbox 184 3548 301 3633; x_wconf 60' lang='lat'><strong>3387.</strong></span> <span class='ocrx_word' id='word_1_185' title='bbox 327 3553 473 3632; x_wconf 80' lang='lat' dir='ltr'>Dactylus</span> <span class='ocrx_word' id='word_1_186' title='bbox 496 3555 587 3615; x_wconf 88' lang='lat' dir='ltr'>etiam</span> <span class='ocrx_word' id='word_1_187' title='bbox 609 3554 685 3616; x_wconf 90' lang='lat' dir='ltr'>alias</span> <span class='ocrx_word' id='word_1_188' title='bbox 706 3571 776 3617; x_wconf 87' lang='lat' dir='ltr'>raro</span> <span class='ocrx_word' id='word_1_189' title='bbox 798 3563 941 3634; x_wconf 86' lang='lat' dir='ltr'>quartam</span> <span class='ocrx_word' id='word_1_190' title='bbox 963 3554 1069 3617; x_wconf 84' lang='lat' dir='ltr'>aedem</span> <span class='ocrx_word' id='word_1_191' title='bbox 1085 3564 1177 3634; x_wconf 84' lang='lat' dir='ltr'>tenet,</span> 
     </span>
    </p>
   </div>
   <div class='ocr_carea' id='block_1_10' title="bbox 137 3655 1181 3840">
    <p class='ocr_par' dir='ltr' id='par_1_14' title="bbox 137 3655 1181 3840">
     <span class='ocr_line' id='line_1_29' title="bbox 137 3655 1181 3741; baseline 0.004 -25"><span class='ocrx_word' id='word_1_192' title='bbox 137 3674 159 3717; x_wconf 90' lang='lat' dir='ltr'>u</span> <span class='ocrx_word' id='word_1_193' title='bbox 175 3655 227 3716; x_wconf 89' lang='lat' dir='ltr'>ille</span> <span class='ocrx_word' id='word_1_194' title='bbox 241 3664 344 3717; x_wconf 88' lang='lat' dir='ltr'>tamen</span> <span class='ocrx_word' id='word_1_195' title='bbox 359 3665 484 3738; x_wconf 86' lang='lat' dir='ltr'>propter</span> <span class='ocrx_word' id='word_1_196' title='bbox 499 3658 671 3736; x_wconf 87' lang='lat' dir='ltr'>raritatem,</span> <span class='ocrx_word' id='word_1_197' title='bbox 694 3666 730 3719; x_wconf 87' lang='lat' dir='ltr'>ut</span> <span class='ocrx_word' id='word_1_198' title='bbox 743 3658 874 3720; x_wconf 85' lang='lat' dir='ltr'>Persona</span> <span class='ocrx_word' id='word_1_199' title='bbox 888 3660 1003 3739; x_wconf 86' lang='lat' dir='ltr'>visum,</span> <span class='ocrx_word' id='word_1_200' title='bbox 1022 3659 1181 3741; x_wconf 84' lang='lat' dir='ltr'>corrigen-</span> 
     </span>
     <span class='ocr_line' id='line_1_30' title="bbox 139 3757 746 3840; baseline 0 -19"><span class='ocrx_word' id='word_1_201' title='bbox 139 3779 168 3822; x_wconf 89' lang='lat' dir='ltr'>s.</span> <span class='ocrx_word' id='word_1_202' title='bbox 194 3757 349 3840; x_wconf 84' lang='lat' dir='ltr'>Aristoph.</span> <span class='ocrx_word' id='word_1_203' title='bbox 368 3759 460 3840; x_wconf 88' lang='lat' dir='ltr'>Vesp.</span> <span class='ocrx_word' id='word_1_204' title='bbox 480 3762 552 3822; x_wconf 85' lang='lat'>350.</span> <span class='ocrx_word' id='word_1_205' title='bbox 571 3759 652 3821; x_wconf 92' lang='lat' dir='ltr'>Nub.</span> <span class='ocrx_word' id='word_1_206' title='bbox 674 3761 746 3821; x_wconf 77' lang='lat'><strong>326.</strong></span> 
     </span>
    </p>
   </div>
   <div class='ocr_carea' id='block_1_11' title="bbox 149 3865 1182 4287">
    <p class='ocr_par' dir='ltr' id='par_1_15' title="bbox 149 3865 1182 4287">
     <span class='ocr_line' id='line_1_31' title="bbox 185 3865 1181 3966; baseline 0.003 -25"><span class='ocrx_word' id='word_1_207' title='bbox 185 3870 275 3941; x_wconf 68' lang='grc' dir='ltr'><em>ἔστιν</em></span> <span class='ocrx_word' id='word_1_208' title='bbox 290 3870 357 3965; x_wconf 78' lang='grc' dir='ltr'>ὁτιὴ</span> <span class='ocrx_word' id='word_1_209' title='bbox 373 3871 461 3966; x_wconf 75' lang='grc' dir='ltr'><strong><em>δῆθ’,</em></strong></span> <span class='ocrx_word' id='word_1_210' title='bbox 478 3870 577 3966; x_wconf 80' lang='grc' dir='ltr'>ἥντιν’</span> <span class='ocrx_word' id='word_1_211' title='bbox 594 3869 634 3943; x_wconf 65' lang='grc' dir='ltr'>ἂν</span> <span class='ocrx_word' id='word_1_212' title='bbox 650 3870 790 3943; x_wconf 71' lang='grc' dir='ltr'>ἔνδοθεν</span> <span class='ocrx_word' id='word_1_213' title='bbox 804 3865 876 3953; x_wconf 79' lang='grc' dir='ltr'><em>οἷός</em></span> <span class='ocrx_word' id='word_1_214' title='bbox 891 3871 916 3940; x_wconf 78' lang='grc' dir='ltr'>τ’</span> <span class='ocrx_word' id='word_1_215' title='bbox 933 3869 1003 3966; x_wconf 77' lang='grc' dir='ltr'><strong><em>εἴης</em></strong></span> <span class='ocrx_word' id='word_1_216' title='bbox 1019 3878 1181 3966; x_wconf 79' lang='grc' dir='ltr'>διορύξαι.</span> 
     </span>
     <span class='ocr_line' id='line_1_32' title="bbox 185 3971 1182 4070; baseline 0.001 -27"><span class='ocrx_word' id='word_1_217' title='bbox 185 3974 232 4056; x_wconf 66' lang='grc' dir='ltr'>αἷς</span> <span class='ocrx_word' id='word_1_218' title='bbox 252 3972 290 4045; x_wconf 81' lang='grc' dir='ltr'>αὖ</span> <span class='ocrx_word' id='word_1_219' title='bbox 312 3984 469 4068; x_wconf 74' lang='grc' dir='ltr'>καθορῶ·</span> <span class='ocrx_word' id='word_1_220' title='bbox 495 3977 589 4067; x_wconf 81' lang='grc' dir='ltr'>παρὰ</span> <span class='ocrx_word' id='word_1_221' title='bbox 610 3975 668 4068; x_wconf 82' lang='grc' dir='ltr'>τὴν</span> <span class='ocrx_word' id='word_1_222' title='bbox 688 3973 836 4058; x_wconf 79' lang='grc' dir='ltr'>εἴςοδον·</span> <span class='ocrx_word' id='word_1_223' title='bbox 859 3971 921 4070; x_wconf 56' lang='grc' dir='ltr'>ἤδη</span> <span class='ocrx_word' id='word_1_224' title='bbox 941 3985 997 4046; x_wconf 78' lang='grc' dir='ltr'>νῦν</span> <span class='ocrx_word' id='word_1_225' title='bbox 1019 3975 1065 4058; x_wconf 79' lang='grc' dir='ltr'>ὥς</span> <span class='ocrx_word' id='word_1_226' title='bbox 1083 3978 1182 4064; x_wconf 81' lang='grc' dir='ltr'><strong><em>μόλις</em></strong></span> 
     </span>
     <span class='ocr_line' id='line_1_33' title="bbox 757 4076 871 4160; baseline 0 -12"><span class='ocrx_word' id='word_1_227' title='bbox 757 4076 871 4160; x_wconf 71' lang='grc' dir='ltr'>αὐτάς.</span> 
     </span>
     <span class='ocr_line' id='line_1_34' title="bbox 149 4184 590 4287; baseline 0.002 -19"><span class='ocrx_word' id='word_1_228' title='bbox 149 4204 252 4268; x_wconf 88' lang='lat' dir='ltr'>Elem.</span> <span class='ocrx_word' id='word_1_229' title='bbox 270 4184 308 4269; x_wconf 77' lang='lat' dir='ltr'>‹l&#39;</span> <span class='ocrx_word' id='word_1_230' title='bbox 320 4225 363 4267; x_wconf 89' lang='lat' dir='ltr'>m.</span> <span class='ocrx_word' id='word_1_231' title='bbox 381 4196 412 4286; x_wconf 90' lang='lat' dir='ltr'>p.</span> <span class='ocrx_word' id='word_1_232' title='bbox 434 4206 505 4270; x_wconf 71' lang='lat'>409.</span> <span class='ocrx_word' id='word_1_233' title='bbox 525 4224 590 4287; x_wconf 84' lang='lat' dir='ltr'>seq.</span> 
     </span>
    </p>
   </div>
   <div class='ocr_carea' id='block_1_12' title="bbox 148 4323 578 4374">
    <p class='ocr_par' dir='ltr' id='par_1_16' title="bbox 148 4323 578 4374">
     <span class='ocr_line' id='line_1_35' title="bbox 148 4323 578 4374; baseline 0 -9"><span class='ocrx_word' id='word_1_234' title='bbox 148 4323 269 4365; x_wconf 80' lang='lat' dir='ltr'>Hermanui</span> <span class='ocrx_word' id='word_1_235' title='bbox 278 4323 378 4374; x_wconf 66' lang='lat' dir='ltr'>epitome</span> <span class='ocrx_word' id='word_1_236' title='bbox 388 4323 456 4365; x_wconf 75' lang='lat' dir='ltr'>dealt.</span> <span class='ocrx_word' id='word_1_237' title='bbox 467 4323 578 4365; x_wconf 74' lang='lat' dir='ltr'>metrleu.</span> 
     </span>
    </p>
   </div>
   <div class='ocr_carea' id='block_1_13' title="bbox 408 4378 434 4429">
    <p class='ocr_par' dir='ltr' id='par_1_17' title="bbox 408 4378 434 4429">
     <span class='ocr_line' id='line_1_36' title="bbox 408 4378 434 4429; baseline 0 -2"><span class='ocrx_word' id='word_1_238' title='bbox 408 4378 434 4429; x_wconf 61' lang='lat' dir='ltr'>{l</span> 
     </span>
    </p>
   </div>
   <div class='ocr_carea' id='block_1_14' title="bbox 0 0 1411 4912">
    <p class='ocr_par' dir='ltr' id='par_1_18' title="bbox 0 0 1411 4912">
     <span class='ocr_line' id='line_1_37' title="bbox 0 0 1411 4912; baseline 0 0"><span class='ocrx_word' id='word_1_239' title='bbox 0 0 1411 4912; x_wconf 95' lang='lat' dir='ltr'> </span> 
     </span>
    </p>
   </div>
  </div>
 </body>
</html>
