2804 4912
414 302 452 347 n!
466 302 599 349 Vffllm
614 303 829 347 tunnensis.

500 564 611 634 OAP.
630 564 758 634 m

310 717 369 789 De
395 717 598 793 versibus
625 717 943 810 anapaesticis.

174 883 284 969 5359.
310 889 502 951 Versuum
517 887 872 968 anapaestioorum
888 885 1166 968 duogenerasunt,

124 1007 203 1071 tum,
229 990 314 1073 quod
333 1010 389 1072 per
411 989 550 1073 dipodias
572 988 720 1054 incedens
740 990 864 1073 plenam
884 990 979 1052 babet
994 1008 1171 1053 mensuram

124 1111 208 1179 seos,
226 1094 311 1159 unde
327 1093 517 1177 spondeum,
535 1093 711 1176 dactylum,
728 1094 1034 1177 proceleusmaticum
1049 1093 1167 1177 recipit,

124 1214 155 1257 rc
167 1195 274 1260 forma:

178 1418 383 1469 κνυζω-

233 1538 283 1572 w
347 1537 397 1573 υυ

124 1647 229 1725 terum,
255 1647 309 1726 qui
331 1645 454 1725 oyclii
475 1643 691 1725 anapaesti
710 1651 870 1722 vocantur,
896 1644 1173 1727 qnodexlongio·

124 1759 177 1808 eus
193 1747 353 1811 ordinibus
369 1757 503 1827 constat,
528 1756 560 1809 et
580 1748 662 1809 arsin
679 1747 772 1809 habet
786 1746 1008 1825 irrationalem3
1034 1747 1120 1811 unde
1141 1758 1174 1813 et

124 1842 199 1914 lutio
221 1871 324 1914 arseos
340 1851 464 1914 exclusa
487 1860 550 1931 est,
577 1850 636 1912 nisi
657 1848 733 1912 forte
755 1850 787 1910 in
808 1851 931 1912 nomine
950 1852 1089 1933 proprio,
1114 1871 1173 1914 nec

124 1954 229 2034 tctylns
254 1975 311 2038 pro
337 1964 502 2035 anapaesto
528 1952 709 2018 admittitur.
749 1952 793 2017 De
818 1954 865 2016 bis
891 1973 922 2016 v.
949 1955 1074 2035 Dionys.
1102 1955 1167 2017 Hal.

124 2067 244 2140 teomp.
264 2058 350 2121 verb.
369 2077 400 2142 p.
421 2059 493 2121 226.

173 2261 290 2347 §36st
324 2267 449 2344 Eorum,
467 2265 522 2345 qui
536 2247 593 2346 per
607 2261 746 2346 dipodias
761 2262 919 2346 incedunt,
939 2285 1031 2349 saepe
1047 2267 1173 2331 inveni-

124 2374 153 2442 tr,
178 2379 420 2432 monometer
441 2367 714 2432 acatalectus:

177 2481 263 2552 κατὰ
284 2488 344 2572 γᾶν
365 2481 480 2553 οἰκεῖν.

124 2608 200 2671 asch.
219 2611 310 2672 llum.
331 2612 402 2672 att.
424 2610 495 2671 alt.
516 2611 589 2672 ata.
625 2609 782 2689 Frequens
803 2608 853 2671 hic
875 2619 923 2672 est
943 2611 976 2671 in
998 2613 1173 2689 systematis

124 2701 301 2793 lustrorum,
321 2713 376 2776 ubi
391 2713 502 2776 basis
518 2714 775 2792 anapaestioa
791 2715 892 2774 vocari
907 2713 993 2774 solet.
1024 2713 1173 2792 Synesius

124 2827 159 2874 tes
171 2815 300 2896 hymnos
315 2817 372 2879 hoc
386 2825 483 2880 metro
498 2816 628 2896 scripsit,
647 2816 679 2877 in
694 2814 829 2878 secundo
843 2814 932 2896 pede,
958 2817 1101 2895 qnoniam
1118 2818 1173 2879 ul-

124 2914 197 2980 inam
213 2926 316 2982 contra
333 2939 449 2981 morem
466 2927 604 2982 veterum
620 2919 783 2999 ancipitem
799 2938 868 2981 esse
882 2918 1054 2998 statuebat,
1081 2921 1172 2982 etiam

124 3019 280 3086 ibrachum
296 3032 327 3086 et
342 3024 517 3085 trochaeum
534 3021 593 3084 sibi
609 3022 781 3103 indulgens.
826 3084 829 3089 .

139 3227 300 3310 ·§361.
350 3232 539 3293 Trimetro
569 3229 800 3292 catalectico
830 3230 988 3292 Simmiam
1018 3220 1172 3311 integrum
1265 3227 1268 3232 ’

125 3354 215 3398 rmen
230 3335 389 3414 scripsisse
405 3342 535 3396 testatur
550 3333 747 3414 Hephaestib:
816 3340 819 3345 ’

174 3447 279 3517 ‘loric
302 3446 394 3539 ἁγνά,
418 3443 477 3516 ἀπ’
501 3442 654 3531 &ideireo
673 3444 761 3534 μέσα
781 3444 912 3533 τοίχων.

177 3661 201 3743 ἦ
217 3657 293 3726 362.
323 3663 428 3724 Plures
443 3661 708 3743 anapaestioorum
723 3679 870 3723 versuum
886 3659 998 3724 formas
1014 3674 1175 3727 enumerat

124 3767 220 3831 rvius
235 3767 268 3825 in
284 3767 477 3830 Centimetro.
503 3768 538 3829 V.
558 3763 651 3827 Gaisl.
671 3764 712 3827 ad
727 3764 823 3845 lleph.
843 3784 873 3844 p.
894 3765 966 3827 290.
986 3783 1051 3849 seq.

480 4023 787 4034 W·-
