2804 4912
151 311 192 372 50
457 317 459 320 ⁴
554 327 610 371 nr.
631 329 663 370 u.
691 328 754 372 cnr.
772 327 832 371 xrr.

154 482 216 545 Sed
236 501 297 544 non
317 480 467 563 probatur
489 482 522 542 in
541 480 680 543 secunda
699 481 842 544 brevium
863 480 1056 561 syllabarum
1076 480 1242 541 terminata

152 603 222 667 vox,
242 604 322 666 quae
337 586 369 645 in
385 583 544 662 dactylum
559 587 631 647 exit.
658 586 697 647 Vt
713 587 745 646 iu
760 585 855 646 Plant.
875 583 960 646 Asin.
980 585 1027 645 1v.
1049 587 1079 662 l,
1098 583 1151 644 26.

240 697 335 752 tecum
349 686 413 748 ιίασ
424 695 530 769 posteo
544 691 638 770 utque
649 688 763 770 pocula
773 689 886 770 poliret.

151 792 241 866 Quod
255 790 458 857 scribendum
475 793 573 874 poeta.

237 998 261 1079 ὅ
278 995 353 1063 155.
385 999 420 1059 ln
440 997 549 1059 eodem
568 1016 663 1062 versu
683 1017 746 1061 non
766 1006 906 1078 curatur,
929 976 1197 1078 quemadmodum
1213 998 1246 1058 in

153 1104 281 1182 tragico,
305 1111 341 1164 ut
355 1110 426 1162 ante
442 1102 581 1180 quintam
597 1103 681 1162 arsin
696 1101 883 1164 vocabulum
898 1122 937 1162 ex
952 1101 1095 1182 pluribus
1111 1100 1246 1178 syllabis

32 1211 41 1231 ·
156 1207 245 1267 brevi
260 1205 380 1287 syllaba
395 1205 588 1267 terminetur.
613 1203 767 1286 Aristoph.
786 1205 919 1268 Acharn.
937 1206 1003 1267 init.

241 1301 305 1374 δσα
321 1302 361 1394 δὴ
377 1301 540 1394 δέδηγμαι
553 1302 612 1394 τὴν
627 1302 773 1389 ἐμαυτοῦ
787 1300 939 1395 καρδίαν.

238 1514 263 1597 5
280 1512 355 1581 156.
386 1518 472 1590 Quae
487 1524 569 1578 mota
584 1524 632 1578 est
645 1517 800 1598 quaestio,
818 1535 875 1597 an,
901 1518 928 1578 si
942 1526 1073 1598 quartus
1087 1536 1146 1599 pes
1160 1537 1246 1587 enar

153 1628 280 1699 paestus
301 1629 363 1700 est,
393 1619 580 1682 vocabulum
604 1619 684 1682 finiri
709 1622 741 1681 iu
763 1621 862 1701 prima
884 1619 1028 1683 brevium
1048 1620 1248 1703 syllabarum

153 1724 267 1805 possit,
293 1743 355 1785 non
377 1724 480 1784 minus
503 1723 543 1785 ad
566 1724 699 1804 reliquos
719 1722 815 1805 pedes
836 1725 979 1804 pertinet.
1012 1724 1051 1786 Et
1066 1742 1165 1805 quum
1183 1743 1245 1787 nou

153 1826 363 1889 dubitandum
378 1828 436 1906 sit,
462 1825 495 1888 id
516 1826 599 1908 quod
621 1826 761 1891 oblivisci
780 1827 965 1910 plerumque
988 1829 1105 1891 metrici
1129 1827 1241 1909 solent,

154 1933 231 2011 quin
242 1930 492 2011 poetae'sensum
504 1950 597 2013 suum
609 1940 702 2012 atque
717 1931 839 1994 aurium
855 1930 1004 1993 iudicium
1019 1932 1133 2013 potius,
1148 1948 1244 2013 σασα]

156 2034 287 2114 regulaS,
306 2052 387 2115 quae
403 2033 530 2095 demum
545 2055 585 2096 ex
600 2037 737 2115 ipsorum
753 2036 903 2119 exemplis
918 2035 1048 2097 haustae
1063 2044 1147 2116 sunt,
1162 2054 1244 2111 oop-

154 2137 324 2199 suluerint:
355 2138 398 2199 sic
418 2138 617 2202 statuendum
639 2138 777 2220 videtur,
804 2134 971 2217 indulsisse
993 2157 1045 2200 eos
1067 2138 1128 2200 sibi
1151 2139 1245 2201 istam

156 2240 321 2302 verborum
338 2240 531 2323 divisionem,
554 2243 610 2304 ubi
625 2245 667 2305 ita
683 2252 857 2322 comparata
872 2252 955 2303 esset
969 2243 1073 2322 oratio,
1095 2251 1132 2305 ut
1146 2241 1246 2305 verba

155 2364 217 2406 non
243 2347 400 2433 potuerint
429 2365 490 2407 uon
520 2347 552 2407 in
581 2346 809 2428 pronuntiando
839 2355 923 2408 arcte
952 2347 1113 2427 coniungi,
1146 2353 1185 2409 ut
1215 2346 1247 2411 in

154 2447 235 2510 Nub.
257 2449 308 2511 71.
937 2495 940 2499 ,

241 2543 354 2638 ὥσπερ
370 2546 581 2639 Μεγακλέης,
597 2543 721 2630 ξυστίδ’
738 2545 836 2632 ἔχων·
854 2546 918 2636 ἐγὼ
933 2541 963 2614 δ’
980 2543 1071 2639 ἔφην.

156 2653 262 2736 quue
277 2654 438 2718 referenda
454 2656 602 2719 videntur
616 2658 708 2719 etiam
722 2656 806 2737 talia,
825 2665 860 2718 ut
874 2657 907 2717 in
922 2657 1048 2736 Lysistr.
1069 2654 1142 2717 768.

82 2740 89 2753 ⁸
240 2752 285 2844 μὴ
302 2751 550 2840 στασιάσωμεν·
569 2750 641 2823 ἔστι
656 2751 687 2823 δ’
702 2752 720 2824 δ
735 2752 881 2845 χρησμὸς
895 2749 1021 2823 οὑτοσί.

155 2863 221 2925 Non
237 2872 341 2924 autem
361 2863 485 2944 tulisse,
510 2863 566 2927 ubi
586 2862 636 2926 vel
657 2864 878 2946 interpunctio,
903 2880 1094 2942 personaeve
1114 2862 1247 2925 mutatio

155 2985 285 3047 pausam
307 2967 339 3027 in
359 2985 396 3027 ea
416 2966 535 3048 syllaba
556 2968 622 3030 fieri
636 2969 821 3050 postularet,
848 2977 882 3030 ut
902 2967 933 3028 in
949 2963 1005 3027 Av.
1027 2963 1120 3027 1197.
1147 2966 1243 3046 Vesp.

158 3072 251 3132 1369.
881 3127 884 3135 ,

242 3167 326 3254 1μοῦ
340 3165 485 3236 κατόπιν
500 3167 670 3254 etatem
683 3175 729 3238 Π.
743 3168 790 3255 μδ
808 3167 866 3236 τδν
879 3162 952 3252 Δί’,
969 3162 1107 3255 ἐγὼμὲν
1122 3158 1174 3234 οἷί.

242 3277 310 3339 τῶν
324 3272 502 3357 ξυμποτῶν
516 3273 709 3364 κλέψαντας
725 3279 766 3340 Φ.
782 3267 888 3339 ποίαν
903 3266 1086 3360 αὐλητρίδα
1094 3295 1104 3353 ;

157 3399 290 3462 quorum
311 3383 344 3442 in
365 3381 460 3443 altero
475 3381 623 3443 articulus
639 3380 807 3461 delendus,
833 3380 911 3442 alter
932 3389 1040 3442 autem·
1051 3378 1249 3441 numerosior

156 3487 215 3546 erit
233 3485 259 3545 si
281 3478 339 3570 τὴν
362 3475 547 3568 αὐλητρίδα
569 3484 737 3565 scribatur3
765 3486 816 3546 vel
835 3483 912 3546 nihil
926 3490 1023 3562 esset,
1048 3481 1132 3562 quod
1146 3480 1247 3544 verba

157 3596 240 3650 arcte
255 3588 396 3669 coniungi
409 3587 590 3670 postularet,
608 3597 645 3651 ut
658 3589 691 3650 in
706 3591 783 3651 Rau.
806 3587 897 3651 1307.
917 3587 949 3649 in
969 3587 1097 3667 Lysistr.
1119 3588 1193 3648 838.
1214 3587 1247 3649 in

157 3692 239 3754 Nub.
260 3696 310 3756 63.

243 3788 329 3880 πρὸς
342 3788 446 3881 ἥνπερ
462 3788 638 3881 ἐπιτήδεια
651 3783 726 3858 τάδ’
743 3783 809 3857 ἔστ’
825 3782 919 3880 ᾅδειν
931 3787 1025 3879 μέλη.

243 3889 359 3982 r't'ywya·
373 3885 489 3961 κδίστιν
503 3889 609 3980 δδμδς
623 3887 706 3983 ἀνὴρ
720 3888 895 3982 Κινησίας.

242 3996 323 4086 περὶ
336 3991 542 4083 τούνόματος
556 3995 713 4067 ἐντεῦθεν
728 3992 1007 4085 ἐλοιδορούμεθα.

158 4104 337 4170 Cuiusmodi
353 4124 462 4169 versus
477 4125 539 4166 non
555 4104 685 4168 dubium
702 4103 840 4182 videtur,
864 4105 940 4184 quin
960 4105 1095 4182 corrupti
1110 4102 1246 4185 putandi

159 4209 230 4270 sint.
