2804 4912
152 329 215 390 228
538 346 595 388 rm.
615 347 659 388 m.
687 345 748 387 car.
769 345 851 387 rrrrr.

154 511 207 561 ant
222 508 291 579 post
306 502 484 561 anacrusin:

572 614 704 691 Θέ-τις

561 715 712 795 ‘nrt-tog

241 867 246 881 .
568 819 697 905 Ἅ-βας

240 932 279 990 33
351 965 371 974 -
410 965 429 973 -
567 923 733 1008 Νέ-στωρ

156 1062 186 1112 et
201 1053 246 1111 sic
260 1069 365 1131 porro,
393 1052 418 1109 si
440 1030 590 1111 alterutra
609 1060 663 1111 aut
685 1059 816 1129 utraque
837 1068 910 1128 pars
926 1069 965 1109 ex
981 1049 1119 1131 pluribus
1133 1039 1225 1125 sylia-

154 1155 202 1214 bis
219 1164 274 1214 est.

239 1340 345 1423 §617
349 1393 355 1406 .
390 1343 534 1424 Apparet,
554 1362 718 1404 numerum
735 1343 843 1403 horum
860 1344 1030 1422 nominum,
1055 1346 1080 1404 si
1095 1345 1136 1404 sie
1148 1338 1213 1402 divi-

155 1447 284 1525 dantur‚
316 1449 479 1526 eorrumpi.
517 1445 578 1507 Sed
601 1446 719 1507 facilius
743 1455 844 1506 tamen
871 1445 968 1508 fertur
994 1449 1148 1508 anacrusis
1169 1443 1211 1502 arsi

155 1550 307 1628 subiecta,
331 1553 401 1630 quia
419 1553 462 1610 sic
476 1550 618 1628 coniungi
634 1559 736 1610 tamen
753 1547 814 1610 duo
830 1552 951 1610 numeri
967 1553 998 1610 in
1014 1543 1211 1630 pronuntiando

153 1663 300 1732 possunt:
328 1653 459 1715 deterior
480 1663 528 1714 est
550 1652 670 1713 theseos
693 1662 724 1713 et
746 1671 930 1714 anaoruseos
954 1654 1138 1728 coniunctio,
1162 1650 1212 1730 quia

153 1775 283 1836 pausam
299 1758 330 1817 in
353 1756 452 1818 media
477 1774 550 1816 voce
574 1754 640 1815 fieri
662 1756 812 1836 postulat:
839 1765 870 1816 et
884 1757 969 1837 peior
984 1759 1092 1837 etiam,
1118 1757 1142 1818 si
1156 1772 1215 1816 ana-

154 1863 252 1921 orusis
268 1861 353 1920 finiat
370 1879 492 1938 vocem,
519 1860 590 1939 quia
612 1860 656 1918 sio
675 1876 747 1938 pars
770 1861 853 1920 vocis
876 1844 981 1920 ultima
1007 1861 1090 1920 omni
1112 1874 1219 1920 numero

154 1975 249 2026 earet:
282 1964 338 2025 sed
359 1975 406 2026 est
428 1974 531 2023 tamen
553 1963 609 2022 hoe
633 1963 780 2023 usitatum
802 1964 833 2022 in
857 1964 1064 2041 antispasticis
1091 1963 1219 2037 numeris,

154 2071 207 2148 qui
230 2077 338 2130 natura
362 2088 417 2130 sua
442 2067 571 2127 fractum
594 2068 748 2127 incessum
771 2066 903 2141 habent,
935 2074 970 2126 ut
997 2065 1082 2145 quod
1109 2085 1139 2127 v.
1166 2067 1222 2126 ttt.

137 2173 278 2232 'aliatum
295 2180 356 2231 est:

239 2285 371 2354 ἔκτισαν
393 2279 462 2352 εὕνι
478 2326 494 2336 -
511 2287 572 2362 δας
593 2279 645 2373 ἠδ’
670 2279 859 2371 ἀνάνδρους.

155 2415 285 2474 Pessima
303 2431 374 2473 vero
390 2422 437 2472 est
452 2412 608 2472 anacrusis
624 2410 675 2471 alii
691 2412 833 2472 anaerusi
850 2409 963 2487 addita,
983 2413 1057 2489 quia
1075 2413 1131 2491 sie,
1151 2431 1235 2492 prae-

153 2528 293 2597 terquam
315 2515 398 2595 quod
418 2533 514 2595 pausa
538 2516 568 2573 in
591 2512 689 2574 media
706 2533 780 2574 voce
803 2514 852 2592 iit,
880 2522 1011 2593 utraque
1035 2533 1112 2593 pars
1136 2533 1239 2597 expers

153 2631 200 2682 est
215 2621 345 2681 numeri.
677 2622 680 2629 '

185 2801 186 2804 ¹
238 2806 354 2890 §618
381 2810 426 2868 Ex
444 2810 491 2868 his
504 2809 710 2887 consequitur,
727 2809 857 2886 optimas
873 2806 1098 2868 vocabulorum
1116 2808 1244 2871 divisio-

152 2934 207 2974 nes
224 2933 307 2991 esse,
328 2916 440 2993 primo,
465 2931 525 2990 qua
542 2930 625 2972 arses
641 2922 672 2972 et
687 2911 790 2972 theses
805 2912 836 2971 in
853 2909 960 2971 eadem
977 2929 1053 2970 voce
1070 2912 1242 2975 alternant:

237 3032 358 3117 χρυσέα
382 3027 529 3119 φόρμιγξ
546 3023 717 3094 Ἀπόλλω-

238 3156 293 3210 νος
315 3131 372 3198 καὶ
397 3128 623 3214 ἰοπλοκάμων.

154 3257 280 3337 Deinde,
300 3277 379 3337 quae
395 3259 476 3318 arsin
493 3259 553 3317 arsi
569 3256 739 3318 subiectam
757 3255 886 3316 habent:

238 3373 295 3439 καὶ
319 3372 422 3463 σοφοὶ
444 3371 501 3438 καὶ
523 3372 613 3459 χερσὶ
634 3378 712 3457 pito-
777 3426 781 3431 .

237 3478 294 3542 ταὶ
317 3473 543 3563 περίγλωσσοί
564 3470 591 3541 τ’
616 3470 707 3564 ἔφυν.

153 3604 290 3682 Denique
307 3622 386 3682 quae
403 3603 566 3663 anaerusin
582 3600 697 3662 hahent
712 3610 782 3660 ante
798 3600 897 3661 arsin:

239 3718 274 3784 ἐκ
296 3724 387 3784 θεῶν
409 3715 469 3804 γὰρ
492 3712 639 3800 μαχαναὶ
661 3721 730 3782 τεᾶ-

238 3845 296 3888 σαι
317 3821 473 3908 βροτέαις
495 3815 638 3908 ἀρεταῖς.

237 4012 352 4096 5619.
382 4015 429 4076 Ex
446 4015 571 4094 reliquis
587 4013 824 4076 dividendorum
841 4011 1065 4074 vocabulorum
1083 4017 1191 4080 modis
1206 4019 1245 4079 itti

152 4119 291 4179 meliores
307 4128 394 4196 sunt,
422 4120 475 4199 qui
494 4120 772 4197 pronuntiationem
788 4119 872 4178 vocis
888 4117 1052 4178 minimum
1069 4131 1130 4181 aut
1145 4123 1245 4183 inter-

150 4224 266 4303 pellant
280 4231 334 4284 aut
348 4232 559 4304 corrumpunt.
