2804 4912
429 914 696 1011 LIBER
749 914 788 1012 Ι.

522 1290 635 1360 cAP.
662 1291 695 1360 1.

470 1442 528 1512 De
556 1464 744 1513 numero.

471 1560 481 1586 0

150 1610 224 1693 51.
257 1611 446 1672 Doctrina
462 1614 629 1673 metrica
652 1612 840 1673 estsoientia
857 1619 1033 1673 metrorum.
1068 1614 1150 1673 Me-

61 1726 169 1797 trum
185 1724 234 1776 est
249 1714 344 1775 series
359 1722 533 1793 temporum
549 1724 664 1777 certam
679 1733 857 1776 mensuram
872 1714 1063 1776 habentium.

153 1916 222 2001 52.
256 1923 452 1984 Numerus
466 1930 515 1984 cst
528 1920 666 1984 ordinata
682 1923 835 1983 successio
849 1931 1032 2003 temporum,
1066 1923 1102 1983 Ei
1117 1923 1149 1983 in

61 2027 162 2107 spatio
184 2024 352 2104 respondet
373 2027 625 2106 symmetria,
652 2044 730 2105 quae
753 2036 801 2087 est
820 2027 989 2103 spatiorum
1012 2024 1149 2087 ordinata

66 2130 260 2191 continuitas.
294 2130 400 2210 itaque
422 2130 543 2190 numeri
566 2132 687 2210 propria
710 2139 784 2191 sunt
803 2139 955 2211 tempora,
982 2149 1150 2210 eorumque

67 2234 238 2310 successi03
265 2233 475 2312 symmetriae,
502 2234 618 2312 spatia,
644 2251 812 2313 eorumque
827 2234 1020 2295 continuitas.
1052 2235 1149 2297 Com-

64 2354 159 2398 mune
175 2334 337 2398 amborum
354 2334 426 2398 ordo
442 2345 504 2416 est,
531 2338 584 2416 qui
607 2344 654 2397 est
671 2336 830 2419 dispositio
845 2336 885 2398 ad
902 2337 998 2417 legem
1015 2336 1148 2416 aliquam

63 2440 155 2501 facta.

151 2626 222 2711 53.
255 2628 331 2689 Eam
348 2629 446 2710 legem
461 2647 589 2692 neccsse
610 2638 658 2691 cst
679 2629 924 2693 obiectiyam
946 2650 1052 2710 esse,
1079 2633 1098 2692 i.
1118 2650 1144 2691 e.

63 2734 179 2813 inipso
195 2734 398 2795 successionis
414 2743 445 2795 et
456 2735 664 2795 continuitatis
675 2743 785 2796 natura
800 2735 941 2815 positam,
961 2735 1032 2815 quia
1048 2734 1148 2794 sub-

62 2836 217 2898 iectiva
240 2837 309 2915 lex,
335 2838 355 2897 i.
376 2856 402 2897 e.
422 2855 501 2917 quae
517 2855 644 2899 esensu
658 2837 967 2899 animadvertentium
987 2836 1145 2918 penderet,

63 2941 211 3019 quonium
227 2939 287 3002 sibi
302 2959 364 3003 non
378 2950 542 3020 constaret,
562 2960 601 3002 ne
616 2940 723 3002 haberi
738 2940 864 3022 quidem
879 2941 1015 3021 prolege
1030 2948 1143 3020 posset.

65 3042 141 3105 Esse
150 3052 258 3105 autem
270 3043 368 3124 legem
381 3045 516 3124 aliquam
528 3043 709 3106 obiectivam
721 3055 752 3107 et
763 3046 882 3106 numeri
896 3055 927 3106 et
938 3044 1144 3125 symmetriae,
1174 3079 1177 3083 -

70 3164 107 3206 ex
118 3164 151 3209 co
160 3156 305 3228 apertum
318 3157 375 3228 est,
390 3146 474 3229 quod
485 3167 565 3228 quae
580 3158 753 3228 temporum
766 3150 973 3229 spatiorumve
984 3146 1149 3226 descriptio

64 3249 177 3313 babeat
192 3270 357 3313 numerum
373 3253 639 3332 symmetriamye,
664 3253 779 3332 pariter
800 3271 906 3314 omnes
921 3253 987 3315 sine
1003 3251 1148 3313 dissensu

61 3365 173 3435 sponte
189 3356 373 3436 intelligunt.

149 3562 174 3645 5
189 3560 222 3627 4.
255 3561 393 3625 Eandem
409 3562 508 3642 legem
524 3564 615 3624 etiam
631 3562 838 3624 formalem
861 3582 929 3624 esse
944 3582 1071 3625 necesse
1087 3572 1143 3643 est,

59 3669 80 3728 i.
100 3686 131 3728 e,
150 3668 183 3728 in
201 3666 275 3728 solis
298 3665 489 3746 temporibus
511 3667 679 3746 spatiisque
695 3668 907 3748 conspicuam;
934 3686 996 3729 non
1021 3676 1148 3729 mate-

59 3769 222 3851 rialem,
244 3770 310 3831 sive
325 3771 356 3830 in
372 3769 477 3850 rebus,
496 3788 576 3850 quae
591 3768 649 3831 sibi
664 3768 838 3831 succedunt
852 3770 902 3831 vel
917 3770 973 3832 loci
989 3771 1148 3832 continui-

60 3881 125 3935 tate
145 3872 467 3954 comprebenduntur,
493 3874 599 3952 sitam,
625 3881 660 3933 ut
679 3874 712 3933 in
734 3874 863 3934 vocibus
884 3875 935 3936 vel
956 3874 1144 3955 corporibus,

60 3979 137 4056 quia
151 3977 185 4038 in
196 3995 325 4038 numero
337 3979 577 4057 symmetriaque
589 3995 650 4037 non
662 3975 739 4057 quid
751 3977 809 4038 sibi
822 3977 966 4040 succedat
980 3995 1147 4057 coagmen-

60 4090 202 4142 tatumve
211 4081 267 4159 sit,
293 4080 360 4160 sed,
383 4079 536 4161 quidquid
551 4079 583 4142 id
598 4081 647 4158 sit,
666 4098 727 4160 qua
744 4081 808 4161 lege
824 4079 968 4143 succedat
982 4097 1147 4159 coagmen-

61 4192 203 4247 tatumve
218 4185 267 4264 sit,
286 4192 454 4264 spectatur.

114 4300 236 4343 normanni
244 4300 346 4352 Bpitome
357 4300 426 4343 doctr.
437 4302 549 4342 metricee.
927 4302 937 4352 1
