2804 4912
572 328 739 371 nuaeramo.
925 312 930 321 '
1140 330 1198 375 nvn

110 471 241 559 γένοιτο
258 472 329 557 ὥρα
345 472 483 557 τούτου,
501 478 557 544 sed
573 477 673 556 hanc,
693 476 801 543 ἵκοιτο
823 475 869 566 μὴ
892 474 998 564 dieue,
1024 480 1132 548 ἵκοιτο
1153 482 1198 574 μὴ

109 575 232 664 ὥρασι,
245 578 374 665 γένοιτο
384 580 429 671 μὴ
442 580 513 669 ὥρα
525 579 640 649 αὐτοῦ.
661 586 759 652 Porro
771 605 845 652 vero
856 588 1081 670 quaerendum,
1097 598 1199 659 utrum

110 688 363 772 syneophonesis
377 690 409 755 in
426 690 476 757 his
491 692 560 769 fiat,
578 714 620 757 an
635 691 739 759 hiatus
755 693 806 758 sit.
839 695 876 759 In
893 694 1114 779 Aristophanis
1129 700 1200 781 qui·

111 795 186 861 dem
217 797 389 881 posteriore
410 818 504 865 versu
528 800 651 866 Bisetus
673 800 797 866 videtur
825 795 870 886 μὴ
899 793 1039 885 doctum
1069 805 1198 889 legisse,

113 910 149 970 ut
164 903 259 972 facile
273 906 345 989 quis
359 906 405 973 ita
420 906 619 973 scribendum
634 906 788 975 coniicere
804 906 921 992 possit:

201 1111 288 1183 ἀλλὰ
317 1116 362 1207 μὴ
392 1115 518 1205 αἵρασῖν
540 1113 567 1205 y'
593 1116 720 1188 ἵκοισθ’
743 1116 1064 1198 ostentauerant
1087 1123 1196 1215 φύσει.

110 1336 156 1401 At
177 1342 262 1402 reete
278 1336 424 1402 videntur
445 1337 515 1401 libn‘
536 1332 583 1422 μὴ
604 1331 694 1421 cipue
713 1338 873 1421 praebere.
906 1339 1016 1421 Neque
1037 1341 1121 1406 enim
1136 1345 1201 1410 veri

111 1444 218 1510 simile
241 1450 289 1509 est
303 1442 546 1527 Aristophanem
567 1438 612 1531 μὴ
635 1435 737 1527 ὥρασ’
764 1443 899 1509 ἵκοισθε
922 1446 1096 1530 scripsisse.
1136 1451 1203 1518 Ita-

111 1571 175 1634 que
195 1571 291 1635 quum
312 1552 345 1616 in
365 1558 495 1634 utroque
517 1552 586 1617 eius
608 1570 701 1617 versu
725 1550 903 1635 pariterque
925 1553 957 1618 in
974 1555 1199 1625 Timocreontis

111 1659 254 1725 carmine
268 1654 313 1745 μὴ
329 1653 453 1742 dieuco,
471 1653 516 1744 μὴ
533 1652 636 1741 ὥρας,
652 1652 697 1744 μὴ
713 1651 802 1741 ὥραν
818 1678 888 1723 cum
905 1658 1010 1739 hiatu,
1028 1664 1200 1747 etquidem

110 1765 160 1832 ita
173 1772 209 1831 ut
223 1764 257 1830 in
268 1763 319 1831 his
334 1764 488 1849 exemplis
501 1763 645 1831 omnihus
656 1760 701 1851 μὴ
718 1766 777 1831 suh
791 1765 856 1831 ictu
871 1765 923 1844 sit,
940 1766 1077 1850 positum
1089 1770 1197 1837 videa-

112 1892 202 1951 mus,
220 1892 284 1938 non
299 1871 423 1939 videtur
437 1871 645 1938 dubitandum
660 1891 749 1952 esse,
772 1872 846 1955 quin
862 1868 907 1960 μὴ
931 1873 962 1938 in
986 1874 1036 1940 his
1058 1876 1200 1944 formulis

112 2001 178 2047 non
194 1979 288 2046 modo
303 1980 371 2045 sinc
387 1980 536 2066 syniaesi,
555 1979 610 2046 sed
627 1979 722 2046 etiam
739 1980 830 2045 solito
845 1981 956 2046 fortius
968 1985 1202 2065 pronuntiatum

112 2088 217 2155 fuerit.
249 2087 543 2171 interpretationem
558 2086 646 2153 dedit
656 2086 841 2153 Eustathius
854 2110 884 2173 p.
895 2093 986 2167 111111,
997 2094 1048 2154 th.
1068 2092 1109 2157 ad
1126 2093 1200 2159 illud

114 2196 280 2281 Odysseae
296 2196 353 2261 IX.
368 2197 439 2259 134.

558 2425 649 2512 μάλα
672 2453 727 2495 κον
748 2427 840 2513 paee
865 2427 957 2519 λήϊον
979 2427 1047 2497 αἰεὶ

203 2553 254 2635 οἷς
275 2554 364 2647 αἵρας
386 2551 517 2645 cippieo·

113 2706 154 2775 τὸ
182 2705 220 2775 δὲ
248 2704 299 2785 οἷς
327 2703 416 2793 ὥρας
445 2706 481 2788 ἐξ
506 2704 646 2798 Ὁμήρου
679 2705 834 2789 λαβόντες
862 2706 894 2774 oi
927 2708 1069 2776 Ἀττικοὶ
1099 2713 1202 2800 φασὶν

115 2813 176 2882 ἐπὶ
204 2809 289 2899 ἀρᾶς
315 2811 353 2881 τὸ
381 2813 426 2904 μὴ
457 2813 491 2893 ἐς
518 2812 607 2902 ὥρας
636 2812 654 2879 ὁ
684 2815 777 2882 δεῖνα
808 2817 930 2893 ἵκοιτο,
964 2812 1048 2881 ἀλλὰ
1077 2816 1198 2905 δηλαδῖ

115 2919 184 3008 πρὸ
206 2918 296 3011 dieue
318 2918 544 3011 ἕκθερισθείη.

203 3116 369 3200 Reliquum
406 3124 455 3184 est
492 3123 525 3183 ut
554 3118 697 3184 meritam
727 3118 852 3183 laudem
886 3118 1064 3203 impertiam
1095 3120 1200 3187 Ottoni

114 3224 324 3304 Kreusslero,
350 3224 463 3309 philos.
490 3222 628 3304 doctori,
653 3225 803 3309 uragistro
825 3224 858 3290 in
881 3225 989 3291 schola
1010 3248 1091 3312 ‹pruoe
1117 3228 1203 3313 apud

114 3352 175 3401 nes
194 3338 244 3398 est
258 3332 479 3411 Nicolaitana‚
503 3351 597 3415 quem
620 3352 715 3415 quum
737 3337 864 3416 propter
885 3341 1064 3399 accuratam
1086 3334 1203 3401 doctri-

115 3460 210 3518 nam,
236 3445 301 3506 tum
318 3444 444 3524 propter
458 3438 556 3505 animi
577 3438 788 3523 integritatem
808 3440 1007 3506 carissimum
1026 3438 1137 3507 haheo.
1171 3442 1202 3507 Is

115 3547 202 3613 enim
218 3545 295 3612 mihi
311 3567 373 3612 non
389 3546 491 3612 solum
506 3544 540 3611 in
556 3546 749 3629 corrigendis
765 3547 920 3613 erroribus
936 3546 1119 3633 typothetae
1130 3549 1203 3614 dili-

114 3653 334 3738 gentissimam
350 3673 479 3738 operam
494 3653 668 3737 praestitit,
692 3673 800 3719 verum
816 3653 912 3719 etiam
928 3674 967 3721 ex
982 3654 1021 3719 iis
1037 3674 1118 3737 quae
1134 3654 1204 3741 ipse

116 3760 271 3828 adnotata
291 3760 429 3827 habehat
449 3759 501 3826 hic
523 3760 587 3825 illie
602 3759 722 3844 aliquid
737 3781 798 3845 quo
821 3766 924 3827 uterer
940 3761 1199 3828 subministravit.

116 3867 165 3936 Ac
185 3868 251 3935 t'ere
273 3867 353 3933 nihil
375 3866 496 3954 peccati
517 3867 660 3934 relietum
682 3866 808 3945 inveni,
834 3867 896 3933 nisi
912 3869 961 3934 vel
984 3867 1128 3951 spiritum
1143 3867 1203 3933 ali-

117 3996 211 4060 quem
226 3975 277 4041 vel
292 3981 471 4053 accentum,
488 3973 584 4060 idque
598 3974 703 4059 ipsum
718 3974 898 4053 rarissimo,
917 3975 1084 4041 omissum:
1110 3994 1203 4059 prac-

117 4088 206 4149 terea
219 4081 298 4149 haec
314 4088 478 4167 quattuor,
503 4080 638 4166 primum
660 4080 744 4165 quod
767 4080 821 4145 lih.
840 4080 882 4145 Π.
901 4100 929 4147 c.
948 4082 1002 4146 IV.
1022 4081 1060 4145 V.
1082 4080 1203 4145 indices

20 4226 31 4247 ·
118 4189 257 4277 capitum
285 4188 453 4277 permutati
481 4195 572 4268 sunt,
597 4206 728 4273 quorum
749 4186 888 4273 capitum
910 4187 1013 4272 quarti
1040 4185 1203 4273 inscriptio
