2804 4912
229 274 288 335 124
622 292 678 335 ιιι.
699 292 730 334 ιι.
750 292 812 335 cre.
831 291 908 335 xxxi,

225 448 320 509 ticum
334 465 396 508 non
412 445 503 508 modo
517 445 698 525 admittunt,
724 445 780 508 sed
795 464 887 527 saepe
902 445 967 506 iere
980 445 1039 507 toti
1053 460 1174 507 versus
1187 461 1229 507 ex
1241 461 1307 524 pro-

227 550 449 612 celeusmaticis
460 559 614 628 constant;
625 549 708 610 ¹alibi
724 557 827 611 autem
842 548 907 610 fere
921 566 961 610 ex
974 546 1050 611 solis
1064 544 1220 627 spondeis
1231 564 1309 608 oon-
1377 619 1380 629 Ι

225 662 399 733 ponuntur;
419 672 606 732 caesura,
625 650 710 733 quod
724 652 801 714 haec
814 671 876 714 non
891 651 983 714 modo
997 658 1106 731 potest
1119 649 1244 731 negligi,
1260 648 1309 712 sed

225 775 317 837 saepe
339 756 379 818 de
404 755 554 819 industria
577 757 755 837 negligitur3
786 757 1089 838 perpetuitate,
1121 751 1210 834 quod
1234 771 1309 815 non-

225 880 396 941 numquam
417 861 466 921 vel
489 860 652 923 cohaerent
675 878 746 921 cum
768 859 835 921 aliis
854 860 1006 938 numeris,
1034 856 1085 921 vel
1101 855 1147 919 ab
1162 857 1201 919 iis
1216 858 1309 919 inter-

225 963 388 1044 pellantur,
404 983 439 1026 ac
450 983 489 1024 ne
505 965 563 1043 ipsi
575 961 701 1043 quidem
716 964 901 1043 anapaestici
912 980 1022 1026 versus
1033 969 1123 1023 tanta
1135 961 1304 1041 severitate,

224 1075 261 1129 ut
274 1067 417 1147 legitimi,
443 1066 577 1147 copulati
592 1073 679 1143 sunt;
706 1084 783 1128 usu
803 1065 1067 1146 paroemiam,
1092 1062 1242 1144 quodah
1259 1064 1307 1125 hoo
1391 1095 1394 1143 3

224 1170 316 1231 etiam
331 1170 452 1231 initium
468 1169 533 1230 fieri
548 1175 663 1250 potest,
690 1169 841 1249 multique
863 1188 955 1250 saepe
975 1168 1164 1250 paroemiaoi
1178 1168 1305 1229 continui

224 1274 397 1353 ponuhtur3
421 1273 595 1334 catalexi
614 1271 759 1354 denique,
779 1273 863 1353 quod
878 1292 939 1335 non
955 1280 1071 1335 certam
1085 1269 1210 1333 habent
1223 1270 1305 1333 olau-

225 1377 336 1451 sulam‚
361 1374 418 1437 sed
433 1394 516 1439 nune
531 1395 603 1456 uno,
627 1395 712 1437 nunc
726 1377 871 1458 pluribus
885 1374 1098 1460 paroemiaeis‚
1122 1374 1201 1437 alibi
1215 1374 1303 1455 nullo,

225 1479 298 1541 alibi
313 1480 404 1541 etiarn
420 1481 479 1542 alio
494 1499 623 1543 numero
638 1482 852 1544 terminantur.

309 1734 424 1819 Wh.
458 1740 665 1819 systematum
688 1757 750 1800 non
772 1740 989 1819 legitimorum,
1014 1736 1159 1799 sednon
1178 1738 1304 1801 mtdhrn

222 1863 240 1905 a
267 1843 407 1923 legitimis
434 1842 659 1920 recedentium,
693 1841 750 1903 hoo
776 1844 817 1904 sit
841 1842 1029 1921 exemplum.
1079 1841 1178 1922 Soph.
1207 1839 1300 1923 Ande

148 2002 151 2009 .
225 1948 296 2007 929.
316 1946 371 2008 uhi
391 1947 525 2027 primum
540 1954 676 2026 systema
691 1946 863 2027 stropham,
888 1945 1111 2025 antistropham
1128 1955 1162 2008 et
1176 1945 1302 2027 epodum

225 2051 367 2111 continet.

307 2171 350 2232 X.
374 2161 424 2233 ἔτι
445 2171 511 2232 τῶν
533 2160 640 2232 αύτῶν
664 2160 792 2251 ἀνέμων
813 2167 913 2256 ῥιπαὶ
1194 2191 1264 2257 στρ.

308 2265 403 2357 τήνδε
425 2262 452 2355 μ’
479 2265 618 2352 ἔχοωιν.

310 2376 378 2438 KP.
401 2368 517 2459 τοίγαρ
540 2369 666 2437 τούτων
687 2374 795 2438 τοῖσιν
817 2364 954 2460 ύγονσιν

307 2469 477 2558 κλαύμαθ’
499 2469 642 2563 ὑπάρξει
663 2475 868 2565 βραδυτῆτος
888 2474 984 2565 ύπερ.

308 2584 351 2644 Χ.
375 2572 479 2662 οἴμοι,
502 2576 652 2645 θανάτου
675 2573 764 2645 τοῦτ’
788 2577 951 2667 ἐγγυτάτω

307 2675 434 2760 τούπος
456 2678 607 2774 ύφῖκται.

308 2791 377 2853 ΚΡ.
399 2789 542 2872 θαρσεῖν
564 2782 661 2854 ούδέν
683 2789 965 2876 παραμυθοῦμαι,

305 2889 351 2980 μὴ
375 2885 413 2957 ού
436 2887 516 2958 τάδε
537 2888 640 2980 ταύτῃ
663 2895 947 2977 κατακυροῦσθαι.

306 2996 417 3060 ΑΝΤ.
441 2983 468 3059 ὦ
490 2998 548 3083 γῆς
572 2993 684 3083 Θήβης
705 2987 788 3061 dioto
811 2999 980 3084 πατρῷον,
1160 2995 1271 3088 daed.-

307 3093 389 3164 θεοί
408 3121 445 3163 τε
466 3101 693 3185 πατρογενεῖς,

351 3194 476 3288 ύγομαι
499 3197 550 3289 δή,
572 3195 653 3267 κούκ
676 3197 726 3268 ἔτι
747 3200 868 3287 μέλλω.

308 3301 471 3387 λεύσσετε,
498 3301 609 3393 Θήβης
630 3298 664 3370 oi
685 3301 887 3394 κοιρανίδαι,

307 3407 365 3496 τὴν
385 3402 546 3493 βασιλίδα
568 3403 626 3495 τὴν
646 3403 770 3496 μούνην
791 3405 923 3490 λοιπύν,

286 3501 366 3577 οἷα
388 3507 474 3597 πρὸς
496 3509 577 3574 οἵων
599 3503 728 3597 ἀνδρῶν
749 3508 879 3595 πάσχω,

351 3612 408 3703 τὴν
430 3607 584 3698 εὐσεβίαν
606 3608 779 3699 σεβίσασα.

222 3740 298 3804 vide
313 3741 419 3821 Eurip.
439 3741 510 3800 Hec.
530 3740 666 3800 59-99.
686 3739 735 3801 ed.
754 3741 849 3818 Pers,
876 3740 932 3803 ubi
947 3740 1074 3803 admixti
1089 3752 1166 3805 sunt
1181 3749 1314 3826 quidam
1392 3740 1394 3747 ⁴

222 3844 272 3907 alii
293 3861 412 3905 versus.
445 3844 607 3906 Finiuntur
627 3844 678 3905 isti
698 3845 855 3926 anapaesti
874 3863 969 3907 versu
988 3864 1115 3917 caesura
1137 3862 1269 3917 carente
1284 3865 1315 3918 et

221 3948 459 4045 paroemiacoin
474 3947 609 4009 secundo
625 3947 702 4028 pede
718 3947 876 4027 dactylum
891 3947 1041 4013 habente:

307 4057 367 4131 ἀπ’
391 4060 474 4148 ύμᾶς
495 4053 563 4145 οὖν,
587 4058 646 4129 ἀπ’
670 4062 753 4148 ἐμᾶς
773 4059 852 4130 τόδε
873 4061 998 4143 παιδὸς

350 4163 522 4256 πέμψατε,
546 4166 713 4253 δαίμονες,
737 4162 883 4235 ἱκετεύω.
