2804 4912
231 277 271 341 58
631 296 688 339 ure.
709 297 740 339 u.
775 297 837 339 cir.
857 297 913 338 xrr.

230 450 350 512 Phorm.
370 453 405 513 V.
430 453 460 529 3,
482 451 531 512 ll.

316 579 350 633 ut
361 572 458 653 passis
474 588 542 632 cum
556 570 629 633 illa:
646 571 685 631 nd
699 577 726 632 te
741 569 916 632 adulescens
930 566 1039 631 melier
1052 568 1204 651 defetlpet.

314 773 431 858 9175.
472 779 538 839 Non
568 785 712 839 censetur
741 778 774 839 in
806 785 916 858 quarta
953 775 1028 839 sede
1057 775 1218 856 spondeus
1247 794 1311 838 esse

228 881 316 942 hr'evi
332 880 416 941 finali
431 881 463 940 in
478 899 494 942 a
508 889 641 942 exeunte
655 889 728 943 aute
742 899 850 942 vocem
868 899 887 942 a
901 888 1088 943 consonante
1103 881 1310 962 incipientem:

199 1050 203 1057 ,
227 983 352 1046 Plautus
368 985 459 1045 Truc.
478 985 500 1044 l.
521 986 551 1063 2,
571 984 622 1044 52.

312 1105 502 1186 procaciores
517 1103 587 1166 artis
600 1122 664 1185 vor,
683 1102 736 1167 aed
750 1102 795 1166 illl
803 1103 978 1185 periuridsi.

312 1306 428 1392 9176.
461 1311 496 1372 Ια
519 1311 650 1393 septimo
672 1309 752 1393 pede
774 1309 933 1392 munderis
955 1310 1070 1371 Latinis
1091 1311 1301 1374 usitatissimus

226 1420 289 1494 est,
314 1415 491 1495 pariterque
515 1414 675 1498 dactyluS‚
701 1432 738 1476 ac
759 1413 946 1477 tribrachus.
980 1414 1167 1496 Saepissime
1183 1414 1372 1492 enimh‘-

226 1518 366 1580 ultimam
382 1519 463 1580 arsin
480 1519 512 1579 in
527 1519 585 1580 hoc
600 1536 694 1580 versu
709 1516 842 1596 solvunt,
863 1516 947 1598 quod
958 1517 1066 1579 Graeci
1081 1536 1143 1579 uon
1159 1516 1366 1607 feceriuth

225 1621 296 1683 licet
312 1621 493 1701 Hephaestio
509 1622 625 1684 scribat
639 1640 669 1701 p.
692 1622 732 1682 15
752 1619 827 1703 (29).
848 1623 982 1702 recipere
997 1628 1130 1682 metrum
1146 1620 1363 1703 iambicpun

226 1717 285 1786 ἐπὶ
299 1724 357 1809 τῆς
370 1716 574 1802 τελευταίας,
590 1716 647 1788 ὅτε
661 1716 912 1807 καταληκτικόν,
935 1716 993 1787 τὸν
1012 1712 1137 1804 ἴαμβον
1159 1712 1359 1807 crapulis

226 1845 325 1910 γοντα
340 1815 362 1911 ἢ
376 1820 528 1902 σπανίως
541 1819 730 1913 τρίβραχτν,
755 1814 837 1901 ὤςτε
859 1819 1015 1910 γίνεσθαι
1034 1820 1093 1911 τὴν
1108 1820 1377 1889 caecabit-2¹

225 1918 300 2015 ἤτοι
315 1920 529 2016 ἄμφίβραχυν
543 1920 743 2016 ἢβακχεῖον,
756 1949 889 2011 quorum
901 1932 1008 1993 ultima
1020 1938 1125 2011 aperte
1137 1928 1215 1993 falsa
1225 1936 1346 1993 suut..

310 2133 428 2219 9177.
465 2135 676 2218 Auapaestum
699 2157 735 2200 ec
756 2139 788 2200 in
810 2137 890 2220 pede
913 2157 949 2200 ea
976 2135 1149 2199 conditione
1170 2136 1346 2201 admiro-

225 2249 315 2319 runt,
340 2250 377 2304 ut
390 2261 430 2303 ne
445 2242 543 2322 prima
560 2243 627 2305 cius
643 2240 762 2321 syllaba
777 2240 878 2304 finalis
900 2250 983 2304 esset
1004 2240 1147 2303 vocabuli
1168 2242 1255 2321 eius,
1281 2234 1346 2296 in

112 2355 119 2371 ’
225 2363 287 2424 quo
302 2352 389 2406 sexta
405 2345 482 2408 arsis
498 2353 588 2408 essct.
622 2348 725 2419 Quare
744 2343 960 2408 emendandus
981 2354 1028 2407 est
1042 2362 1151 2408 versus
1163 2340 1267 2407 Plauti
1282 2336 1346 2398 1¹1

224 2448 315 2508 Persa
331 2449 366 2509 ll.
389 2451 416 2528 1,
436 2451 466 2509 9.

310 2586 430 2631 servam
446 2573 581 2650 eperum,
602 2568 737 2650 linquam
753 2566 993 2631 liberam-berria
1008 2587 1055 2631 me
1069 2571 1157 2633 iussit
1171 2570 1301 2633 habere
1312 2602 1328 2617 ·

224 2688 287 2751 Sed
301 2697 383 2751 recte
398 2707 432 2751 se
447 2689 564 2753 habent
577 2688 665 2769 tales,
683 2698 720 2753 ut
734 2689 867 2755 Terentii
881 2689 913 2751 iu
928 2686 1059 2771 Adelph.
1079 2691 1127 2753 lv.
1148 2693 1179 2771 h,
1202 2691 1257 2753 78.
1299 2676 1349 2735 el

225 2793 294 2854 llec.
315 2793 350 2854 V.
379 2795 408 2871 1,
429 2795 479 2855 lb.

309 2912 362 2976 scd
376 2915 454 2975 cerm
471 2915 515 2975 irc
531 2915 619 2991 latro,
641 2917 680 2976 cl
692 2932 796 2975 murce
811 2913 886 2976 meir
900 2913 1012 2994 ταμίας
1027 2917 1138 2995 epomdt
1153 2894 1221 2978 rim.

309 3034 381 3078 cam
397 3018 450 3097 qul
460 3024 529 3098 port
543 3016 659 3096 factam
674 3016 821 3079 inlclriem
828 3019 954 3098 purpdt,
969 3036 1083 3098 parum
1097 3019 1174 3081 milri
1186 3011 1314 3101 prurit
1323 3044 1340 3061 ·

224 3137 274 3197 Sic
288 3136 370 3199 enim
385 3135 585 3199 scribendum
606 3136 738 3201 videtur.
773 3135 848 3200 Vide
862 3137 961 3199 Elem.
980 3137 1011 3199 d.
1031 3106 1073 3199 m.
1092 3156 1124 3217 p.
1146 3138 1219 3201 157.

309 3342 333 3423 9
350 3339 425 3407 178.
458 3343 765 3406 Prcccleusmaticum
782 3363 905 3426 quoque
920 3344 1030 3407 eadem
1046 3345 1220 3409 conditione
1235 3348 1369 3411 δεῦθ’

223 3447 294 3524 pius
308 3447 440 3509 inveniri
455 3447 535 3510 licet.
569 3447 695 3509 Plautus
710 3444 796 3509 Asin.
816 3449 850 3509 ll.
874 3450 901 3526 1,
922 3448 971 3509 21.

309 3566 444 3633 dormias
460 3570 575 3630 interea
589 3568 669 3631 domi
677 3614 685 3647 ‚
707 3574 797 3651 clpam
812 3567 904 3632 herus
918 3569 950 3629 la
965 3565 1061 3644 hara,
1087 3569 1170 3632 baud
1183 3550 1378 3634 ααὶἰῠμΣ

945 3670 1070 3735 ltdhilat.
