2804 4912
226 291 289 353 254
617 306 673 350 ιιι.
694 307 739 349 m.
766 306 827 350 err.
846 306 923 349 xxrv.

311 456 427 540 5699.
462 459 505 523 Ao
520 459 641 521 dicatur
656 461 754 541 primo
771 459 809 521 de
831 458 1226 539 interpellationibus
1251 477 1327 518 an-

227 563 557 642 tistrophioorum.
592 565 667 624 Nam
691 563 845 624 interdurn
863 564 910 622 vol
934 563 1032 623 aliena
1054 565 1185 642 persona
1204 560 1327 640 aliquid

226 667 465 746 interloquente,
495 667 538 726 vol
563 666 674 746 rebuS,
701 685 780 745 quae
804 668 835 727 in
856 686 945 728 scena
963 674 1113 746 aguntur,
1140 667 1200 726 alio
1217 665 1327 744 aliquo

228 770 318 832 modo
333 771 539 848 conturbatis,
567 771 705 832 consulto
725 788 880 831 recessum
895 779 944 831 est
959 770 1000 831 ab
1014 770 1064 830 illa
1083 769 1327 850 responsionum

227 875 427 954 aequalitate,
458 894 519 935 non
544 872 669 953 quidem
694 883 785 934 ntea
809 874 982 953 tolleretur,
1013 871 1069 933 sed
1091 882 1127 934 ut
1152 873 1328 934 interiectis

227 977 339 1052 alienis,
350 979 606 1057 interpellaretur.

315 1168 338 1248 ᾗ
364 1164 441 1229 700.
491 1169 611 1247 Insigne
646 1165 823 1229 huiusmodi
857 1166 1105 1247 interpellationis
1139 1166 1327 1248 exemplum

228 1272 284 1333 Th.
305 1271 496 1350 Tyrwhittns
517 1270 733 1332 animadvertit
755 1274 785 1332 in
801 1270 959 1352 Euripidis
983 1271 1053 1332 lone
1074 1289 1091 1330 a
1115 1289 1144 1330 v.
1166 1269 1244 1333 2⁴9.
1279 1270 1327 1331 lbi

228 1375 366 1435 ohorioae
382 1373 526 1436 mulieres
542 1373 618 1435 dnm
635 1376 714 1436 inter
729 1394 762 1435 se
779 1393 901 1435 carmen
918 1373 1171 1453 antistrophioum
1189 1383 1322 1453 canunt,

228 1479 260 1538 in
275 1477 412 1539 secunda
428 1477 617 1556 antistropha
633 1479 735 1539 ionem
758 1477 956 1558 compellant,
983 1479 1037 1557 qui
1058 1475 1231 1558 respondet
1247 1496 1326 1538 ver-

228 1581 316 1642 sibus
332 1583 543 1662 anapaestioiS,
570 1581 671 1643 nullos
687 1584 718 1641 in
735 1581 857 1660 stropha
875 1580 949 1642 alios
965 1589 1147 1661 anapaestos
1163 1583 1326 1662 oppositos

228 1684 434 1764 habentibus,
461 1687 501 1746 ita
520 1695 553 1746 ut
568 1684 775 1764 antistropha,
794 1686 883 1746 ouius
900 1684 1024 1765 stropha
1040 1703 1103 1746 uno
1117 1693 1227 1744 tenore
1244 1703 1326 1746 oan-

229 1798 291 1850 tata
307 1788 424 1868 iuerat,
451 1808 535 1851 nuno
549 1790 772 1871 particulatim,
799 1788 1021 1869 interloquente
1038 1786 1220 1849 idemtidem
1239 1789 1322 1867 lone,

229 1901 372 1954 canatur:
397 1893 427 1952 in
444 1910 503 1972 qua
522 1912 554 1954 re
571 1890 800 1955 observandum
817 1903 873 1972 est,
893 1890 1029 1979 syllabas
1045 1891 1154 1953 finales
1170 1910 1324 1955 versuum

229 2006 259 2056 et
280 1995 504 2076 strophioorum
526 2007 557 2057 et
577 1997 866 2077 antistrophioorum
888 2014 950 2056 non
966 1997 1002 2055 iis
1018 1994 1165 2074 syllabis,
1192 1998 1326 2075 quaein

230 2118 355 2180 quoquo
370 2119 480 2180 genere
496 2100 659 2162 suooedere
675 2099 846 2180 debebant,
873 2097 930 2161 sed
945 2099 995 2179 iis,
1016 2117 1096 2178 quae
1112 2117 1238 2159 revera
1256 2109 1326 2161 sta-

229 2205 284 2264 tim
311 2214 486 2284 sequuntnr
512 2204 552 2265 ab
579 2205 673 2266 nltero
699 2205 928 2283 pronuntiatae,
962 2200 1214 2264 accommodatas
1242 2221 1322 2264 esse.

229 2304 426 2387 Antistropha
455 2306 505 2368 illa
534 2328 604 2370 eum
635 2307 902 2389 interpellantibus
929 2327 996 2370 eam
1028 2305 1211 2367 idemtidem
1245 2326 1328 2369 ana-

230 2412 344 2490 paestis
360 2411 435 2473 haee
449 2422 505 2472 est.

366 2533 408 2594 Χ.
436 2525 474 2596 σέ
496 2551 560 2612 τοι,
583 2526 641 2595 τὸν
662 2527 757 2616 παρά
779 2525 837 2594 ναί
841 2553 859 2593 ν
881 2523 942 2595 oni-

360 2633 426 2719 ,aeq
450 2630 552 2717 θέμις
573 2628 702 2721 γυάλων
723 2628 825 2720 ὑπερ-

409 2733 511 2825 βῆναί
531 2759 591 2820 μοι
613 2735 697 2802 ποδὶ
719 2735 827 2824 λευκῷ
835 2764 846 2818 ,·

317 2845 343 2906 Ι.
368 2834 415 2905 σά
438 2837 577 2929 θέμις,
599 2829 627 2905 ὦ
650 2839 770 2920 ξέναι.
794 2896 798 2902 .

368 2949 410 3010 X.
434 2934 486 3028 ἆρ’
506 2936 610 3022 ὅντως
629 2941 733 3029 μέσον
756 2939 911 3033 ὀμφαλὸν

412 3052 473 3136 γᾶς
497 3043 626 3134 Φοίβου
650 3045 780 3131 κατέχει
803 3043 925 3132 δόμος,·

318 3156 345 3218 1.
369 3147 580 3236 στέμμασί
601 3146 628 3238 y’
652 3148 836 3233 ένδοτάν,
861 3145 969 3242 άμφί
992 3149 1037 3217 δὲ
1059 3146 1287 3238 Γοργόνες.

462 3260 503 3322 Χ.
526 3251 613 3322 οὕτω
637 3253 694 3322 καὶ
716 3254 818 3346 φάτις
840 3249 939 3346 otoo.

320 3364 345 3423 Ι.
369 3354 408 3424 εἰ
428 3357 503 3442 μάν
525 3357 701 3426 ἐθύσατε
723 3359 908 3426 πέλανον
930 3357 1013 3448 πρὸ
1037 3357 1195 3444 δόμων,

369 3459 438 3526 καί
461 3487 499 3528 τι
522 3461 744 3530 πυθέσθαι
766 3460 936 3554 χρῄζετε
960 3458 1137 3549 Φοίβου,

368 3560 505 3653 πάριτ’
530 3561 593 3644 εἰς
614 3564 814 3650 θυμέλας·
837 3565 906 3634 ἐπὶ
928 3562 958 3634 δ’
980 3562 1224 3657 ἀσφάκτοις

368 3667 543 3759 μήλοισι
565 3668 705 3755 δάμιον
724 3667 776 3760 μὴ
799 3665 940 3757 πάριτ’
964 3666 1024 3749 εἷς
1044 3668 1183 3754 μυχόν.

412 3778 455 3839 Χ.
479 3769 542 3856 ἔχω
564 3776 743 3858 μαθοῦσα·
765 3779 853 3842 θεοῦ
876 3772 914 3840 δέ
935 3772 1037 3860 νόμον
1058 3768 1099 3841 ori
1122 3798 1241 3864 παρα-

413 3874 589 3961 βαίνομεν·
614 3870 637 3943 ά
660 3870 690 3942 d'
715 3874 818 3961 έκτός,
843 3870 935 3963 άμμα
956 3875 1085 3969 τέρψει.

320 3985 346 4045 Ι.
371 3976 508 4046 πάντα
528 3974 698 4064 θεάσθ’,.
717 3977 738 4048 ὅ
758 4005 799 4049 τι
821 3981 892 4049 καὶ
913 3980 1057 4065 θέμις,
1083 3972 1256 4064 άμμασι.

462 4088 502 4147 Χ.
525 4087 691 4182 μεθεῖσαν
712 4083 878 4152 δεσπόται

412 4190 499 4250 θεοῦ
519 4211 561 4269 με
582 4186 688 4274 γύαλα
714 4182 786 4255 τάδ’
811 4184 955 4267 ελςιδεῖν.
