2804 4912
442 320 479 362 nr
491 317 623 361 sensura
635 315 851 369 cuosnssmrs.
1130 295 1190 357 139
1281 374 1283 378 Α

191 464 304 552 5411.
331 472 513 534 trimetri
527 468 618 532 modo'
631 470 791 533 attulimus
806 469 984 550 exemplum
996 466 1137 547 exlphig.
1156 467 1188 527 iu

101 573 176 637 Aul.
210 578 501 637 Tetrametrum
531 572 803 635 catalecticum
832 572 925 634 etiam
954 572 1061 652 tragici
1088 587 1188 632 usur-

100 688 237 759 parunt,
255 686 293 741 ut
306 679 413 758 Eurip.
432 679 519 740 Herc.
539 676 560 736 l.
581 680 655 738 639.

191 772 351 857 aradae
370 800 432 862 μοι
453 773 555 867 φίλον
576 768 700 859 ίίχθορ,
722 769 761 841 τὸ
784 771 823 841 dd
843 778 945 864 χῆρας
967 769 1047 840 atat

100 882 263 946 Anacreon
278 886 311 946 in
325 885 383 947 hcc
396 903 507 967 genere
522 882 659 947 secunda
674 882 706 944 in
721 881 797 944 sede
811 880 982 944 diiambum
998 883 1117 961 posuit:

191 981 226 1049 ἐκ
248 988 407 1069 ποταμοῦ
426 977 650 1072 ’πανέρχομαι
669 978 779 1047 πάντα
802 978 952 1071 φέρουσα
974 979 1121 1069 λαμπρά.

100 1092 138 1152 Si
153 1101 327 1154 constanter
341 1111 466 1172 purum,
485 1090 585 1163 videri
599 1097 699 1172 potest
713 1090 763 1150 hic
777 1106 887 1152 versus
902 1108 943 1151 ex
957 1087 1082 1153 duobus
1098 1090 1187 1170 loga-

99 1194 216 1256 oedieis
232 1197 418 1276 compositus
434 1213 512 1257 esse.
546 1194 634 1256 Tales
655 1200 730 1255 sunt
750 1192 886 1255 sedecim
901 1211 1011 1256 versus
1026 1193 1186 1276 Eupolidis

99 1316 153 1378 ap.
165 1294 275 1361 Athen.
287 1300 335 1361 Vl.
351 1319 382 1380 p.
396 1293 468 1360 936,
488 1295 642 1360 emendati
656 1295 741 1380 apud
750 1295 956 1359 Gaislordium
970 1297 1012 1359 ad
1020 1298 1182 1380 Hephaest.

99 1421 135 1482 p.
148 1403 219 1463 296.
246 1402 309 1465 Sed
323 1422 395 1464 vere
411 1401 607 1464 choriambici
622 1408 696 1462 sunt
709 1399 794 1481 apud
802 1397 956 1481 Aristoph.
969 1402 1095 1481 Lysistr.
1110 1404 1143 1463 at
1153 1407 1181 1464 9.

100 1505 177 1566 320.
197 1504 270 1566 327.
291 1507 363 1567 3tt.
382 1507 442 1568 nisi
457 1505 489 1566 hi
504 1512 577 1568 suut
592 1506 624 1566 in
635 1503 781 1566 dimetros
797 1501 966 1567 dividendi.
993 1506 1032 1567 ht
1046 1504 1185 1569 eiusdem

100 1606 189 1689 apud
205 1610 477 1688 Hephaestionem:

188 1698 266 1774 οἶδα
286 1704 347 1793 μὲν
369 1702 508 1795 ἀρχαῖόν
526 1732 561 1775 τι
582 1698 684 1794 δρῶν,
705 1690 800 1790 κοίχί
822 1701 937 1796 λέληθ’
959 1704 1110 1794 έμαυτόν.

188 1914 305 1998 5412.
332 1923 577 1982 Tetrametro
599 1921 819 1982 acatalecto
837 1916 1091 2000 ususAnacreon,
1107 1939 1184 2000 pro-

95 2023 216 2084 miscue
232 2022 408 2086 choriambo
420 2022 618 2104 diiamboque
629 2023 748 2105 positis,
768 2025 828 2085 nisi
839 2023 924 2104 quod
938 2026 971 2087 in
987 2014 1048 2087 due
1064 2043 1186 2105 semper

95 2124 270 2187 diiambum
286 2124 389 2207 habet,
408 2125 494 2208 apud
509 2125 701 2190 Athenaeum
717 2127 780 2189 llll.
800 2148 831 2208 p.
845 2130 917 2191 533.

184 2226 267 2314 πρὶν
284 2223 345 2311 μὲν
367 2222 449 2310 ἔχων
467 2223 659 2315 βερβέριον,
682 2220 868 2310 καλέμματ>
891 2225 1119 2318 ἐσφηκωμένα,

185 2327 242 2394 καὶ
264 2324 416 2409 ξυλίνους
437 2322 666 2417 ιἰστραχοίλονς
688 2327 722 2396 έν
743 2324 818 2413 ὠσί,
838 2328 896 2397 καὶ
914 2328 1019 2423 φιλὸν
1039 2332 1118 2423 περὶ

157 2474 160 2478 <
227 2432 390 2522 πλευρῇσι
405 2482 414 2499 .
430 2481 439 2499 .
455 2481 463 2499 .
478 2430 570 2518 βοός,

184 2533 364 2603 vadaturae
384 2529 504 2620 εἴλυμα
525 2541 629 2627 κακῆς
649 2531 813 2618 domestice,
839 2532 1067 2624 ἀρτοπώλισιν

182 2633 480 2728 κῆθελοπόρνοισιν
499 2636 643 2725 ὁμιλέων
665 2635 683 2708 ὅ
706 2639 851 2731 πονηρὸς
871 2639 1046 2732 Ἅρτέμων,

225 2743 384 2833 κίβδηλον
399 2738 559 2832 εὑρίσκων
573 2740 660 2829 βίον,

181 2843 294 2912 πολλὰ
314 2844 376 2931 μὲν
391 2843 425 2912 έν
446 2847 544 2935 δουρὶ
556 2845 668 2925 τιθείς
683 2842 819 2931 αίχένα,
841 2846 953 2915 πολλὰ
970 2843 997 2912 δ’
1013 2847 1047 2917 ἐν
1061 2858 1182 2939 τροχῷ,

181 2946 294 3017 πολλὰ
312 2949 350 3018 δὲ
371 2948 464 3038 νώτῳ
488 2948 621 3040 σκυτίνη
635 2946 773 3039 μάστιγι
787 2949 991 3035 θωμιχθείς,
1009 2950 1113 3042 κόμην

224 3050 369 3140 πώγωνά
390 3048 418 3119 τ’
441 3052 683 3138 ἐκτετιλμένος·

180 3159 237 3222 νῦν
259 3152 289 3222 δ’
314 3154 483 3242 ἐπιβαίνει
503 3154 672 3240 σατινέων,
688 3157 810 3248 χρύσεα
825 3156 956 3250 φορέων
970 3149 1180 3251 καθέρματα,

182 3262 267 3339 παῖς
288 3257 307 3326 ὃ
330 3258 461 3351 Κύκης,
486 3259 545 3328 καί
565 3255 760 3352 σκιαδίσκην
782 3259 996 3353 ἐλεφαντίνην
1018 3266 1119 3355 φορεῖ

222 3362 369 3448 γυναιξὶν
383 3357 493 3443 αίτως
507 3414 516 3432 .
532 3414 541 3431 .
557 3414 566 3431 .

178 3573 210 3654 5.
230 3569 308 3638 413.
336 3576 442 3637 Rarior
464 3575 659 3638 choriambici
681 3580 769 3639 metri
791 3597 868 3641 usus
890 3587 938 3642 est
957 3578 1040 3661 apud
1063 3583 1179 3644 lloma-

89 3694 202 3739 norum
209 3680 351 3740 comicos.
380 3680 583 3742 Inveniuntur
590 3687 693 3742 umen
700 3683 841 3743 nonnulii
849 3682 933 3763 apud
940 3685 1090 3764 Plautum,
1104 3687 1180 3766 (prin

89 3780 184 3842 etiarn
200 3780 286 3861 apud
301 3785 478 3845 Terentium
491 3780 621 3865 Adelph.
641 3785 689 3846 lv.
709 3787 740 3865 4,
753 3787 782 3846 i.
803 3784 843 3847 de
857 3787 985 3850 Bentleii
1007 3790 1176 3854 aeutmtla:

176 3884 312 3946 membro
326 3895 408 3949 meto
423 3886 538 3950 debitia

218 3985 305 4060 ειίσλ,ι
323 3991 444 4051 codrus
460 3990 569 4054 timdrc

155 4138 157 4141 v
176 4089 332 4174 thalmuth
346 4094 466 4172 pectore
481 4095 527 4156 rol

217 4197 324 4260 catere
338 4195 445 4260 cccciii
459 4199 533 4281 φιλ.
