2804 4912
152 301 213 363 182
552 320 607 361 ιιι.
629 320 672 361 ιιι.
698 319 762 361 mr.
784 319 830 361 ιιι.

151 475 283 555 pitihus,
308 475 357 534 vet
373 472 489 552 pedum
504 473 717 551 responsione,
743 479 897 552 postremo
913 471 990 550 quid
1001 471 1114 535 omnis
1129 470 1245 531 oratio-

152 580 200 638 nis
220 577 416 638 conformatio
440 577 572 636 maxime
594 574 752 654 probabile
775 593 843 635 esse
865 574 1006 638 suadeat.
1043 573 1125 637 Vide
1148 573 1242 634 Elem.

153 679 183 741 d.
203 700 243 740 ιιι.
264 700 294 759 p.
315 683 386 741 569.
407 696 493 759 seqq.

591 1066 702 1132 OAP.
723 1065 797 1132 111.

473 1217 531 1284 De
558 1238 688 1286 versu
714 1217 910 1309 Priapeo

239 1381 357 1466 5499.
394 1388 508 1445 Versus
532 1385 727 1463 Priapeus
750 1406 788 1446 cx
811 1386 965 1463 Glyconeo
992 1394 1024 1445 ot
1048 1387 1249 1448 Pherecrateo

154 1493 185 1550 in
202 1507 299 1550 unum
314 1489 484 1549 coniunctis
499 1497 633 1548 constat:
660 1506 753 1567 quem
771 1489 886 1549 metrici
902 1488 982 1548 male
998 1488 1041 1551 ad
1057 1490 1247 1571 antispastos

155 1592 301 1654 referunt.
335 1593 458 1652 Formas
474 1590 568 1651 hahet
583 1601 662 1651 tres:

253 1730 272 1782 .'.
296 1731 314 1780 ,ἶ
344 1726 460 1812 ηέυυ..
479 1725 482 1813 η
499 1743 545 1774 υ.
568 1729 587 1779 ,ζ
611 1723 767 1777 ,(Δυυίν

253 1835 271 1886 .'.
296 1834 314 1883 .'.
344 1827 510 1916 i-'U-'W-

241 1935 338 1980 Lm).
356 1932 360 2018 η
380 1933 473 1980 Aa)-
557 1934 655 1980 Lw.
672 1932 676 2018 η
693 1929 766 1979 υέῦ

553 1984 556 2017 i

154 2058 292 2128 Quarum
315 2054 460 2115 credibile
482 2064 530 2115 est
550 2056 732 2135 plerumque
753 2064 927 2118 constanter
949 2075 1043 2118 unam
1061 2068 1240 2138 usurpatam

156 2179 233 2238 esse,
253 2168 288 2220 ut
303 2157 387 2239 apud
402 2158 643 2219 Anacreontem:

241 2270 401 2362 ἠρίστησα
423 2273 484 2356 μέν
508 2270 614 2358 ἰτρίου
637 2275 763 2340 λεπτοῦ
783 2273 901 2362 μικρὸν
924 2271 1088 2357 ἀποκλάς,

242 2372 335 2443 οἴνου
358 2371 387 2442 δ
411 2375 543 2456 ἐξέπιον
565 2374 684 2443 κάδον·
708 2385 763 2444 νῦν
786 2373 815 2443 δ
839 2375 951 2466 ἁβρῶς
973 2376 1133 2466 ἐρόεσσαν

244 2477 364 2569 ψάλλω
387 2476 532 2568 πηκτίδα
554 2487 594 2570 τῇ
617 2477 699 2571 φίλη
721 2478 881 2566 κωμάζων
904 2477 999 2547 παίδ
1023 2478 1117 2573 άβρῄ.

156 2616 186 2669 et
204 2605 288 2686 apud
303 2604 458 2667 Catullum
481 2624 574 2665 carm.
596 2607 691 2667 xvll.
703 2615 734 2666 ct
754 2604 861 2685 fragm.
883 2609 911 2667 i.
931 2618 1024 2686 atque
1048 2610 1080 2668 in
1096 2611 1236 2691 Priapeo-

157 2730 225 2771 rum
242 2709 376 2770 carmine
393 2710 443 2769 88.
463 2707 579 2787 quoda
596 2708 782 2787 quibusdam
799 2708 899 2770 eidem
915 2711 1034 2772 Catullo
1052 2713 1234 2795 adscriptum

156 2823 211 2874 est.
240 2811 379 2873 Secunda
396 2821 443 2873 est
458 2810 542 2890 apud
557 2812 783 2890 Euphorionem
800 2812 1051 2876 Chersonesiurn:

243 2923 282 2995 οὗ
304 2926 455 3015 βέβηλος,
479 2917 506 2992 ὦ
528 2926 659 2993 τελεταὶ
683 2933 745 2994 τοῦ
766 2926 840 2994 νέου
863 2926 1049 2996 Διονύσου·

241 3025 330 3118 κάγώ
353 3025 382 3095 δ’
407 3028 444 3110 ἐξ
464 3025 651 3120 εὐεργεσίης
673 3025 897 3118 ὠργιασμένος
917 3029 996 3121 ἥκοι,

242 3130 368 3200 δδείιον
391 3131 624 3221 Πηλουσιακόν
646 3137 807 3223 κνεφαῖος
828 3133 921 3222 παρὰ
943 3136 1059 3220 τέλμα.

241 3344 265 3424 §
280 3341 356 3407 500.
384 3345 496 3406 Comici
513 3353 617 3406 utrum
630 3363 736 3407 omncs
752 3327 865 3406 formas
880 3347 1055 3426 promiscue
1070 3354 1240 3431 posuerint,

156 3469 195 3509 an
211 3447 339 3526 singulis
351 3447 487 3527 singulas
503 3449 534 3507 in
550 3448 775 3528 antistrophicis
788 3451 997 3528 opposuerint,
1014 3453 1171 3533 incertum
1187 3464 1240 3517 est

156 3552 363 3631 Pherecrates,
390 3552 455 3612 sive
471 3553 497 3611 is
519 3551 598 3611 alius
614 3561 679 3629 est,
707 3553 737 3610 in
754 3552 852 3612 Persis
867 3551 951 3632 apud
966 3551 1165 3619 Athenaeum
1183 3560 1242 3620 XV.

155 3676 185 3736 p.
208 3658 278 3716 685.
312 3653 347 3715 Α.
370 3673 397 3715 v.
417 3655 599 3715 Moinekium
617 3656 651 3714 ll.
674 3655 701 3714 t.
722 3674 752 3732 p.
774 3657 845 3716 318.

137 3815 140 3820 -
242 3762 269 3836 ὦ
291 3769 444 3855 μαλάχας
464 3768 525 3853 μέν
548 3768 677 3856 ἐξερῶν,
701 3765 874 3835 ἀναπνέων
896 3765 931 3835 δ’
954 3767 1134 3856 ὑάκινθον,

241 3873 298 3939 καί
319 3872 535 3958 μελιλώτινον
557 3873 677 3954 λαλῶν,
700 3872 757 3939 καί
780 3869 863 3961 ῥόδα
886 3874 1143 3963 προςσεσηροίς·

242 3969 268 4041 ὦ
292 3978 400 4067 φιλῶν
420 3976 481 4060 μέν
503 3972 687 4064 ἀμάρακον,
711 3979 896 4063 προςκινῶν
919 3975 957 4042 δέ
979 3975 1106 4060 σέλινα,

242 4082 344 4167 μελῶν
368 4075 397 4153 δ’
422 4076 634 4160 ἱπποσέλινα,
658 4077 716 4145 καί
738 4074 998 4163 κοσμοσάνδαλα
1019 4079 1160 4167 βαίνων,

242 4180 339 4270 έγχει,
363 4178 515 4267 κάπιβόα
536 4180 648 4270 τρίτον
669 4177 810 4263 Παιιῢά,
835 4177 881 4260 ὡς
903 4178 1005 4266 νόμος
1028 4181 1131 4253 ἐστίν.
