2804 4912
554 330 590 370 ur
606 329 739 370 cnurrers
756 330 882 371 sotrrrs.
1198 309 1259 370 257

259 478 376 562 5705.
410 483 631 543 Vsitatissimae
652 491 726 543 sunt
745 481 1004 561 interpellationes
1023 483 1052 541 in
1070 481 1259 542 carminibus

152 586 485 665 paromoeostrophis,
512 604 643 664 quorum
664 594 772 645 natura
788 583 1015 663 quodammodo
1030 586 1059 645 in
1078 585 1259 663 interpella-

153 689 256 749 tione
271 688 369 767 posita
385 696 441 749 est.
476 690 519 750 De
535 706 596 768 qua
613 707 646 749 re
662 687 750 749 inira.

564 896 872 905 -——.—-—-—-—-

586 1075 696 1144 cAP.
713 1076 838 1144 XXV.

477 1225 535 1295 De
563 1227 753 1297 canticis
780 1227 951 1298 solutis,

260 1391 382 1476 5706.
419 1396 542 1458 Cantica
570 1414 622 1475 ea,
653 1415 732 1476 quae
759 1416 819 1457 non
846 1406 919 1459 sunt
940 1397 1172 1476 antistrophica,
1203 1397 1258 1459 sed

160 1498 270 1560 libera
286 1509 452 1562 metrorum
469 1501 684 1578 compositione
699 1499 788 1577 facta,
808 1488 1097 1579 ἀπολελυμένα
1113 1522 1128 1562 a
1148 1503 1258 1563 metri-

161 1604 216 1664 cis
241 1612 402 1664 vocantur:
429 1601 605 1682 dequibus
630 1624 658 1664 v.
679 1604 842 1684 Hephaest.
865 1623 896 1682 p.
918 1607 967 1665 66.
989 1607 1028 1664 69
1050 1602 1131 1685 (tto.
1157 1604 1253 1686 120).

163 1707 287 1767 Horum
311 1707 368 1767 alia
393 1704 500 1768 dicunt
521 1694 728 1792 ἅστροφα,
755 1724 835 1785 quae
858 1715 920 1766 tam
942 1724 1037 1785 parva
1060 1710 1136 1785 sint,
1163 1716 1257 1769 utne

163 1810 322 1889 integram
360 1808 485 1889 quidem
521 1810 679 1889 stropham
712 1811 916 1886 constituant;
957 1810 1015 1871 alia
1053 1800 1257 1889 ἀνομοιό-

166 1929 355 1998 occupo,
381 1931 461 1992 quae
476 1931 516 1974 ex
531 1912 735 1975 dissimilibus
751 1913 884 1993 strophis
900 1912 992 1992 lacta,
1011 1932 1095 1974 nunc
1110 1932 1258 1993 personae

165 2016 351 2094 mutatione,
378 2034 462 2076 nunc
478 2017 654 2097 ephymuio,
680 2036 765 2079 nnuc
780 2015 888 2096 epodo,
913 2034 997 2077 nuuc
1012 2016 1070 2077 alio
1085 2017 1257 2096 epiphone-

167 2126 255 2178 mate
277 2117 545 2180 disterminantur:
571 2119 749 2199 etquidem
773 2121 798 2181 si
819 2139 859 2180 ex
881 2118 1004 2181 duabus
1026 2119 1159 2199 strophis
1179 2140 1258 2181 con-

167 2230 271 2300 stant,
301 2213 591 2308 ἓτερόστροφα
617 2221 738 2299 dicuut;
772 2224 798 2284 si
824 2222 1048 2303 expluribus,
1082 2212 1257 2284 ἀλλοιό-

168 2341 354 2410 ascopa,-
379 2325 436 2386 alia
461 2324 595 2407 denique
622 2313 800 2409 dirupto,
828 2344 909 2405 quac
935 2327 1053 2407 possint
1075 2325 1199 2406 quidem
1226 2328 1257 2387 in

168 2427 315 2508 strophas
345 2427 508 2508 distingui,
540 2426 597 2489 sed
627 2429 657 2489 in
689 2428 804 2508 quibus
834 2429 955 2491 nullum
986 2429 1131 2491 indicium
1163 2430 1253 2508 adsit,

169 2529 316 2592 distincta
332 2531 373 2591 ita
388 2550 457 2592 esse
472 2551 489 2592 a
505 2532 613 2613 poetis.
1182 2515 1183 2519 Ἰ

259 2736 282 2817 5
298 2733 374 2800 707.
402 2738 464 2799 Hae
478 2739 658 2818 partitiones
669 2757 766 2818 quum
782 2758 847 2799 rem
863 2758 924 2799 non
936 2739 1128 2817 exhauriant,
1144 2758 1200 2800 nos
1215 2740 1255 2799 ita
1281 2809 1285 2817 ,

169 2841 253 2902 hano
268 2837 389 2901 omnem
403 2841 581 2902 varietatem
597 2840 637 2902 ad
652 2859 761 2921 genera
775 2840 927 2921 quaedam
938 2859 1128 2902 revocamus.
1154 2841 1256 2920 Atque

170 2932 470 3022 ἀπολελυμένα
486 2953 540 3004 aut
552 2963 590 3004 ex
602 2945 674 3006 solis
690 2945 795 3006 metris
807 2943 994 3024 quibusdam
1011 2953 1160 3023 constant,
1176 2963 1256 3023 quae

168 3054 246 3108 sunt
262 3033 470 3131 ὅστροφα,
486 3055 540 3108 ant
555 3067 591 3108 ex
609 3049 751 3129 strophis,
771 3066 850 3127 quae
867 3056 940 3109 sunt
956 3039 1173 3132 στροφικά.

257 3253 282 3334 ξ
302 3249 378 3316 708.
415 3253 463 3314 Ex
486 3254 534 3315 his
557 3242 746 3339 docpopu
768 3254 1014 3335 complectuntur
1038 3215 1255 3339 ἐπιφωνή-

167 3375 295 3438 ματα,
319 3349 517 3442 deducto,
541 3367 575 3433 et
594 3350 959 3445 ἒπιφθεγματικά,
982 3377 1062 3438 quae
1078 3357 1178 3418 omnia
1194 3375 1256 3416 non

168 3461 233 3521 nisi
248 3459 437 3540 longitudine
453 3459 598 3523 videntur
612 3459 744 3521 differre.

258 3666 282 3747 ἦ
304 3661 382 3730 709.
421 3655 750 3753 Ἐπιφωνήματα
773 3667 838 3729 sive
861 3657 1172 3750 ἀναφωνήματα
1196 3687 1255 3728 vo-

170 3779 283 3831 cantur
297 3769 548 3850 exclamationes,
574 3789 653 3849 quae
668 3779 754 3830 extra
769 3770 911 3848 strophas
926 3769 975 3832 vel
991 3788 1101 3831 versus
1116 3780 1202 3850 sunt,
1222 3780 1256 3832 ut

170 3870 250 3960 φεῦ,
267 3863 318 3953 td,
337 3863 424 3952 αἰαῖ,
444 3881 475 3934 et
489 3873 547 3934 alia
562 3873 705 3952 plurima.

258 4074 374 4159 5710.
404 4080 503 4142 Certis
517 4079 677 4143 vocabulis
692 4087 833 4140 constant
848 4072 1047 4163 ἐφύμνια,
1067 4089 1102 4142 ut

256 4188 334 4283 Ἰήϊε
355 4191 482 4274 Παιάν,

223 4314 532 4374 Homonoillpitomodoctr.
544 4316 655 4357 metricae.
1017 4319 1047 4369 17
