2804 4912
555 334 722 376 Possessio.
1164 337 1182 377 V

95 481 169 560 Qua
184 483 217 547 in
233 503 267 548 re
282 483 321 548 iis
336 483 479 549 versibus
499 484 623 549 initium
639 485 742 550 facore
761 490 901 569 oportet,
927 485 979 568 qui
995 491 1026 549 ct
1041 487 1182 551 facillimi

96 597 172 655 sunt
187 597 219 655 et
232 590 393 655 minimam
409 590 576 656 aberrandi
598 593 638 656 ab
659 592 742 657 iusto
762 592 891 656 numero
907 593 1029 676 copiam
1045 592 1180 660 faciunt:

96 717 209 763 versus
240 697 311 764 dico
335 697 478 763 heroicos
504 704 598 781 atque
623 699 796 781 elegiacos,
828 698 970 782 aliosque
997 700 1181 786 dactylicos,

96 811 165 869 tum
180 805 279 890 lyrica
294 812 456 889 poetarum
472 806 673 872 Aeolensium
693 813 808 884 metra,
832 812 867 871 ut
882 808 1028 890 strophas
1045 808 1184 894 Sapphi-

96 932 154 978 cas
176 919 208 978 et
229 913 386 978 Alcaicas,
421 914 478 978 Est
499 919 604 979 autem
626 915 732 979 statim
758 916 799 979 ab
820 913 909 979 initio
932 916 1121 995 curandum,
1150 925 1185 982 ut

97 1040 163 1085 non
184 1020 281 1086 dubia
302 1028 333 1086 ct
354 1021 526 1098 titubante,
551 1021 608 1087 sed
630 1022 720 1086 firma
742 1029 774 1086 et
794 1022 952 1104 aequabili
968 1043 1044 1087 voce
1059 1024 1185 1106 singula

97 1128 356 1210 pronuntientur3
380 1135 491 1194 utnon
507 1129 605 1212 pedes
620 1129 736 1211 singuli
752 1129 784 1193 in
798 1129 1044 1213 pronuntiando,
1062 1131 1119 1196 sed
1134 1153 1185 1197 or-

96 1234 190 1299 dines
206 1242 237 1300 et
251 1237 391 1302 membra
406 1256 552 1301 versuum
568 1242 714 1302 notentur
727 1256 766 1300 ac
781 1235 1031 1319 distinguantur3
1051 1238 1185 1322 deniqne

95 1347 133 1407 ut
148 1363 211 1407 non
227 1344 294 1408 sola
309 1350 419 1423 metra,
435 1344 492 1409 sed
507 1363 619 1409 sensus
630 1345 807 1420 verborum,
823 1350 1003 1428 partesque,
1018 1365 1057 1410 ex
1072 1346 1185 1428 quibus

97 1456 223 1516 constat
245 1450 361 1528 oratio,
390 1452 691 1536 interpunctionibus
718 1451 775 1515 rite
802 1451 994 1529 observatis,
1023 1453 1103 1517 bene
1128 1472 1185 1519 ex-

96 1557 285 1642 primantur.
318 1559 401 1622 Nam
422 1559 475 1641 qui
498 1580 560 1624 non
579 1565 700 1624 mature
715 1557 927 1624 adsueverunt
941 1560 1049 1625 firmae
1071 1566 1102 1625 et
1116 1581 1185 1626 ma

97 1666 207 1729 sculae
233 1665 426 1744 recitationi,
456 1687 578 1751 semper
601 1666 735 1732 titubare
758 1667 876 1742 solent,
906 1672 954 1742 ct,
983 1667 1058 1731 dum
1084 1688 1186 1751 neque

96 1791 262 1838 mensuras
278 1774 490 1858 syllabamm,
514 1793 614 1857 neque
632 1793 720 1839 arses
736 1779 767 1838 et
788 1772 895 1838 theses
909 1779 993 1838 recte
1008 1781 1040 1839 et
1055 1775 1187 1841 tidenter

97 1886 225 1958 notant,
254 1881 398 1945 timidum
421 1880 570 1964 quiddam
592 1887 623 1946 et
647 1881 800 1946 vacillans
821 1882 959 1964 proferre
981 1881 1123 1947 discunt:
1152 1889 1187 1947 ut

98 1989 198 2053 multo
230 1987 342 2053 melius
371 1988 532 2065 videatur,
566 1987 695 2052 tirmiter·
719 1988 813 2052 ctiam
844 1989 1040 2053 aberrantem
1066 2010 1085 2053 a
1111 2009 1187 2054 vera

97 2095 221 2161 ratione
242 2096 381 2174 numeri,
407 2116 500 2178 quam
524 2095 593 2161 sine
608 2115 729 2172 errore,
754 2096 810 2160 sed
825 2095 934 2161 timide
949 2116 987 2160 ac
1002 2096 1187 2163 vacillanter·

98 2182 314 2288 pionuntiarc.
346 2203 490 2268 Eurorum
506 2203 589 2268 enim
605 2209 692 2268 tanto
708 2203 832 2268 facilins
847 2203 1101 2282 animadvertas,
1126 2226 1187 2288 quo

98 2310 279 2376 distinctius
302 2317 334 2377 et
349 2310 463 2376 certius
485 2308 645 2395 proferas;
671 2311 754 2393 quod
775 2317 899 2388 contra,
925 2310 1104 2389 haesitans,
1129 2331 1187 2377 neo

98 2439 193 2498 vera,
208 2438 267 2484 nec
282 2419 364 2484 falsa
378 2418 504 2500 singula
519 2417 729 2497 intemosoas,
754 2419 939 2501 praesertim
955 2419 982 2483 si
999 2419 1188 2502 compositus

99 2527 141 2592 sit
156 2545 317 2603 numerus,
331 2533 387 2591 aut
401 2525 664 2592 contractionibus
680 2530 711 2590 et
727 2526 932 2590 solutionibus
948 2526 1097 2591 variatus.
1124 2524 1189 2591 Sed

98 2634 160 2700 etsi
172 2632 321 2698 facillime
329 2632 412 2697 banc
421 2632 620 2698 timiditatem
630 2632 748 2698 evitare
759 2632 844 2710 licet,
855 2633 907 2697 ubi
917 2651 1041 2698 versum
1053 2653 1109 2716 per
1121 2633 1188 2697 sin-

99 2743 192 2824 gulos
208 2740 306 2824 pedes
321 2739 475 2817 scandas,
496 2746 602 2806 tamen
618 2739 730 2805 abbae
746 2739 872 2823 quidem
886 2739 1008 2804 ratione
1023 2745 1189 2822 propterea

99 2847 323 2915 abstinendum
339 2854 405 2927 est,
431 2847 505 2930 quia
519 2847 617 2931 pedes
632 2847 816 2912 arbitrariae
834 2865 999 2912 mensurae
1015 2854 1105 2924 sunt,
1131 2867 1188 2911 ne-

99 2976 163 3041 que
183 2952 511 3021 naturam‘oontinent
534 2918 671 3031 numeii,
697 2973 777 3036 quae
799 2954 963 3018 dumtaxat
977 2954 1010 3018 in
1026 2954 1187 3019 ordinibus

100 3063 238 3129 comitur
254 3069 286 3128 ct
300 3061 448 3127 membris
464 3080 622 3127 versuum.
656 3060 761 3137 Quare
777 3080 900 3144 semper
914 3060 1041 3126 ordines
1057 3061 1185 3145 singuli,

100 3193 142 3238 cx
162 3177 371 3254 quotcumque
393 3168 526 3253 pedibus
548 3174 708 3246 constent,
733 3187 809 3232 voce
831 3168 1027 3251 exprimendi
1044 3174 1135 3245 sunt,
1161 3169 1188 3234 si

100 3299 266 3345 numerum
286 3278 413 3342 auribus
435 3281 517 3341 recte
538 3275 692 3340 insinuari
708 3276 860 3340 volumus.
894 3274 994 3352 Quem
1016 3276 1068 3359 qui
1091 3277 1189 3340 semel

100 3387 229 3473 penitus
244 3383 435 3471 perceperit,
455 3404 518 3449 non
533 3383 626 3448 modo
642 3383 736 3448 nullis
753 3381 957 3448 varictatibus
973 3402 1188 3446 rnensurarunr

101 3493 350 3567 conturbabitur,
365 3490 421 3556 sed
437 3490 544 3570 etiam,
559 3490 635 3573 quid
649 3497 757 3575 aptum
772 3489 805 3554 in
817 3509 939 3572 quoque
954 3509 1083 3554 numero
1095 3494 1189 3570 atque

100 3604 232 3684 elegans
249 3600 301 3678 sit,
316 3603 428 3681 sponte
443 3598 683 3663 animadvertet.
708 3598 750 3661 At
764 3616 804 3661 ne
820 3596 879 3663 hoc
890 3596 1017 3679 quidem
1034 3595 1111 3661 satis
1126 3602 1185 3672 est,

102 3708 160 3775 sed
182 3707 262 3773 ratio
284 3705 432 3771 habenda
452 3711 500 3770 est
521 3705 615 3769 etiam
639 3723 750 3770 sensus
771 3705 954 3780 verborum,
983 3709 1014 3768 ct
1037 3703 1185 3786 partium,

100 3833 142 3879 ex
158 3811 272 3896 quibus
288 3813 461 3896 composita
483 3818 531 3879 est
553 3811 670 3888 oratio,
695 3811 1041 3894 interpunctionumquc
1056 3816 1087 3874 ct
1108 3829 1188 3894 pau—

101 3940 228 3997 sarum,
252 3939 331 4001 quas
353 3939 464 3984 sensus
486 3917 703 3985 in'recitando
725 3917 792 3983 fieri
814 3918 962 4002 postulat.
994 3918 1078 3982 Nam
1093 3937 1189 3999 quum

100 4033 205 4093 metra
216 4047 278 4091 non
293 4027 355 4092 nisi
372 4045 483 4092 sensus
498 4026 671 4092 adiuvandi
686 4032 718 4090 et
732 4025 822 4108 quasi
834 4024 989 4090 coloribus
1001 4024 1189 4106 quibusdam

99 4133 256 4226 pingendi
270 4152 387 4205 caussa
400 4134 529 4205 iuventa
545 4133 619 4219 siut,
642 4152 744 4217 neque
759 4131 805 4198 illi
820 4137 903 4201 recte
918 4131 1050 4202 recitant
1065 4149 1186 4217 versus,
