2804 4912
419 300 455 343 nr
472 298 590 342 rannrco
606 298 796 341 rrrmrrnrao
810 299 1016 344 earanscrrco.
1219 280 1260 341 57

261 447 377 531 5171.
413 451 544 513 Licentia
566 470 729 515 mensurae
749 451 857 514 eadem
878 461 1009 515 utuntur
1024 453 1121 514 Latini
1142 452 1258 530 comici,

172 573 238 635 qua
255 555 289 615 in
304 555 412 617 ceteris
427 554 587 633 versibus,
613 553 670 617 sed
692 552 850 618 nitidiores
873 566 975 618 tamen
991 556 1175 637 plerumque
1190 573 1262 616 ser-

174 667 291 720 varunt
311 660 515 738 septenarios,
541 677 667 721 caesura
688 656 863 738 diligentius
887 658 965 738 lere,
993 678 1087 740 quam
1107 659 1263 721 aGraecis

174 759 309 839 iactum,
334 760 502 840 custodita,
524 762 664 843 spondeo
678 771 782 825 autem
797 771 1025 845 anapaestoque
1040 763 1081 823 ita
1096 770 1216 825 tantum
1232 761 1263 820 in

175 872 322 944 quartam
344 862 452 927 sedem
470 865 631 944 admissis,
656 866 683 929 si
703 866 923 948 pronuntiandi
944 864 1087 929 facilitate
1107 864 1264 928 tolleretur

175 966 315 1030 offensio.
342 967 456 1030 Neuter
470 987 527 1050 pes
543 968 614 1031 lerri
629 977 731 1050 potest
745 969 776 1030 in
791 968 888 1033 Plauti
903 966 987 1031 Asin.
1007 969 1055 1031 111.
1076 972 1107 1047 9,
1128 970 1177 1029 tt.

265 1069 299 1133 id
311 1070 424 1134 virtute
438 1070 530 1135 tuias
544 1070 673 1154 colleyoc
687 1071 811 1155 medpua
825 1073 964 1136 comitate

265 1170 382 1250 factam
397 1175 457 1236 e'at:
474 1175 527 1256 qui
540 1193 586 1237 me
601 1176 651 1238 vir
664 1172 776 1254 solur
790 1181 833 1238 est
847 1176 889 1238 od
902 1172 1092 1254 siffmodos
1103 1175 1225 1258 pldpoa.

178 1274 243 1340 Sed
264 1276 292 1337 si
306 1283 351 1339 est
365 1285 435 1359 post
449 1277 579 1360 colleoae
600 1286 748 1358 ponatur,
774 1276 845 1340 ierri
860 1279 973 1361 poterit
986 1277 1160 1362 spondeus,
1186 1285 1221 1339 ut
1234 1277 1267 1338 in

178 1379 412 1463 pronuntiando
437 1399 499 1442 non
521 1380 653 1445 multum
675 1400 693 1443 a
716 1381 857 1445 trochaeo
882 1381 1036 1445 differens.
1073 1380 1268 1461 Anapaestus

178 1491 288 1547 autem
317 1482 343 1544 si
371 1485 473 1546 estin
499 1502 561 1546 uno
574 1484 702 1571 'integro
725 1484 888 1564 vocabulo,
919 1485 998 1548 ultra
1020 1493 1163 1566 quartam
1185 1483 1269 1544 arsin

178 1595 337 1671 porrecto,
370 1586 419 1648 vel
444 1587 477 1648 in
503 1586 627 1652 duobus
652 1605 709 1668 per
733 1588 941 1671 synaloephen
968 1588 1152 1667 coniunctis,
1186 1593 1270 1649 earet

180 1690 268 1769 vitio,
288 1698 323 1753 ut
337 1690 370 1750 in
386 1690 520 1753 Terentii
534 1691 614 1753 Eun.
635 1691 682 1753 111.
704 1693 734 1773 5,
754 1694 804 1755 55.

269 1793 350 1857 satin
365 1792 528 1876 conplorare
542 1795 625 1857 slot?
639 1794 726 1858 video
741 1812 822 1859 csse:
836 1794 990 1879 pessulum
1005 1794 1078 1885 ostio
1093 1793 1176 1856 obde.

180 1898 248 1960 Non
269 1896 378 1976 etiam,
403 1896 429 1958 si
450 1897 556 1960 finitur
577 1897 762 1961 vocabulum
785 1900 817 1961 in
839 1901 906 1981 ipsa
928 1907 1038 1980 quarta
1059 1899 1131 1961 arsi.
1168 1899 1270 1970 Quare

181 2009 349 2083 corruptus
365 2008 413 2062 est
427 2019 536 2063 versus
551 2002 583 2063 in
599 2002 716 2082 Hecyra
731 2003 766 2064 V.
786 2002 817 2082 Ξ,
837 2005 867 2064 9.

271 2106 403 2186 oportet:
421 2103 543 2186 quodsi
552 2105 687 2188 perficio,
704 2124 763 2168 acc
774 2107 905 2188 poenitet
919 2125 964 2169 me
979 2103 1093 2186 somne.

188 2208 297 2271 canoa
318 2207 344 2269 ai
364 2226 451 2271 arses
472 2209 598 2271 suntin
612 2207 742 2273 vocibus
757 2208 991 2290 monosyllabis,
1016 2209 1105 2271 venia
1121 2215 1169 2270 est
1190 2225 1271 2268 ana-

187 2320 305 2393 paesto,
325 2320 361 2376 ut
374 2312 407 2373 in
423 2311 532 2375 eadem
546 2330 639 2375 soona
654 2332 685 2373 v.
703 2314 752 2375 l8.

273 2414 349 2498 qaid
373 2416 417 2477 mi
440 2415 532 2480 istaec
560 2416 698 2480 nomas?
726 2416 768 2478 do
794 2415 867 2498 quic
891 2433 950 2477 non
976 2420 1038 2477 tute
1066 2414 1131 2496 lpse
1159 2411 1274 2475 dodum

912 2516 1036 2581 aetati.

275 2723 391 2809 §172
425 2725 728 2805 Prooeleusmaticus,
754 2744 847 2806 quem
863 2725 976 2803 Latini,
1002 2731 1038 2787 ut
1051 2721 1088 2806 ἓξ
1106 2724 1177 2783 457.
1200 2723 1269 2783 158.

191 2831 308 2895 dictum
324 2840 381 2911 est,
403 2850 495 2911 saepe
511 2849 567 2910 pro
582 2828 683 2891 iambo
698 2838 827 2910 ponunt,
851 2830 943 2891 etiarn
960 2828 991 2888 in
1007 2834 1117 2908 quarta
1132 2824 1206 2887 sede
1221 2826 1275 2885 in-

196 2937 329 3014 venitur,
356 2933 433 2996 dum
455 2952 494 2994 ne
513 2935 611 3013 prima
634 2933 701 2996 eius
719 2931 839 3011 syllaba
861 2930 961 2993 finalis
975 2931 1017 2993 sit
1035 2927 1178 2992 vocabuli
1192 2929 1271 3005 eiuS,

200 3037 302 3120 inquo
317 3039 405 3102 tertia
420 3038 498 3099 arsis
513 3046 570 3100 est.
598 3036 759 3099 Terentius
775 3036 846 3099 Hac.
866 3035 900 3096 V.
920 3034 951 3113 t,
970 3035 1022 3095 at.
1330 3104 1334 3112 ι

280 3152 312 3208 ot
332 3142 405 3206 ides
428 3143 544 3205 amicae
566 3138 669 3221 erint,
698 3137 767 3216 ubi,
797 3136 990 3221 quonwbrem
1012 3134 1189 3212 adveneris,
1219 3152 1276 3196 re-

914 3240 1052 3305 aebeat.

137 3426 144 3553 ᾗ
280 3449 396 3536 5173.
429 3452 544 3515 Pariter
565 3451 658 3513 etiam
679 3447 803 3529 dactylo
817 3449 849 3510 in
871 3468 907 3511 ea
926 3444 1108 3511 sedelocus
1123 3453 1179 3507 est.
1214 3445 1278 3505 Te-

138 3562 140 3567 '
204 3563 275 3618 rent,
294 3559 365 3621 llec.
385 3558 419 3619 V.
440 3559 470 3635 3,
489 3557 541 3617 at.

284 3659 490 3726 Philumenam
511 3677 575 3723 esse
596 3660 798 3740 compressam
819 3655 858 3717 ab
879 3674 928 3734 co,
952 3662 981 3717 et
1001 3653 1100 3731 illium
1115 3650 1185 3715 inde
1200 3650 1280 3714 bunc

916 3760 1030 3821 oetam.

284 3973 308 4055 ᾗ
325 3968 399 4037 174.
430 3969 488 4034 Vbi
510 3969 645 4050 neglecta
669 3975 717 4030 est
731 3984 868 4043 caesura,
885 3962 961 4025 nihil
976 3962 1150 4024 offensionis
1165 3958 1279 4022 habere

149 4074 355 4142 spondeus
369 4085 425 4141 aut
438 4081 624 4156 anapaestus
639 4079 776 4155 putatur.
810 4071 932 4130 Terent.
952 4068 1024 4129 Hac.
1044 4066 1079 4128 11.
1103 4067 1133 4146 ⁶2,
1155 4066 1204 4126 tt.

288 4194 341 4251 out
354 4187 392 4248 ec
405 4179 565 4266 refellendo
580 4175 634 4241 orit
645 4173 805 4263 perpendo
820 4171 904 4237 vobis
919 4170 1115 4254 corrt'qemur.
