2804 4912
739 98 751 129 ἱ

263 304 283 364 2
677 306 741 367 ιιι.
761 325 782 367 ι.
812 324 874 368 mr.
894 325 914 368 ι.

350 475 420 556 §b
455 477 593 557 Denique
615 479 793 539 innatam
817 477 907 539 nohis
928 497 996 540 eam
1017 479 1124 565 legem,
1138 499 1206 542 esse
1222 499 1353 543 necesse

265 588 328 659 εει,
354 581 375 640 i.
393 599 421 640 e.
440 599 457 641 a
479 581 572 662 priori
593 591 723 660 certam,
750 590 785 642 ut
799 581 971 661 philosophi
988 583 1173 663 loquuntur,
1198 585 1272 664 quia
1288 603 1353 647 non

264 681 427 763 discendo,
452 682 509 745 sed
529 703 585 764 per
604 703 638 746 se
659 685 860 765 cognoscitur.
894 686 970 746 Nam
991 687 1018 747 si
1039 687 1231 767 empirica
1255 696 1349 768 esset,

265 786 284 846 i.
300 806 327 847 e.
347 786 468 848 condita
483 786 524 848 ab
539 787 651 868 aliquo,
670 807 733 849 non
749 797 831 850 esset
845 797 926 867 note,
945 789 1004 850 nisi
1020 789 1073 869 qui
1089 808 1157 850 eam
1173 789 1347 868 didicisset;

264 899 430 970 possetque
445 900 477 952 et
491 892 603 952 mutari
619 901 650 955 et
664 892 813 975 abrogari.

349 1093 416 1177 §h
443 1098 559 1160 Caussa
572 1097 720 1160 obiectiva
731 1099 934 1160 successionis
949 1098 1171 1162 efficientia
1187 1108 1245 1162 εει.
1271 1100 1350 1162 Nam

265 1200 419 1280 quidquid
434 1220 490 1282 per
504 1221 538 1263 se
554 1201 613 1263 sihi
629 1200 776 1281 succedit,
795 1202 835 1262 ita
851 1210 896 1279 ut,
915 1200 999 1281 quod
1014 1202 1101 1282 prius
1117 1212 1174 1282 est,
1194 1221 1255 1264 non
1270 1222 1350 1284 pos-

263 1305 304 1365 sit
324 1304 415 1364 etiam
437 1305 589 1385 posterius
613 1324 698 1383 esse;
728 1303 813 1386 quod
838 1313 941 1366 autem
967 1307 1137 1385 posterius,
1167 1324 1229 1367 non
1255 1308 1350 1369 etiam

263 1408 368 1487 prius:
401 1407 433 1468 id
460 1408 619 1470 efficientia
646 1409 835 1487 continetur,
869 1426 949 1488 quae
975 1418 1022 1470 est
1047 1428 1227 1471 caussarum
1253 1419 1349 1491 atque

265 1511 429 1572 effectuum
453 1513 609 1574 connexio.
646 1511 762 1575 Caussa
789 1511 937 1574 obiectiva
964 1513 1171 1575 continuitatis
1197 1514 1350 1576 cohae-

264 1615 389 1679 rentia
404 1624 461 1679 est
492 1614 652 1697 Quidquid
665 1617 748 1679 enim
763 1635 866 1696 perse
882 1598 1060 1681 continuum
1076 1626 1137 1696 est,
1162 1618 1205 1678 ita
1219 1627 1256 1681 ut
1269 1636 1350 1697 par-

264 1727 310 1779 tes
332 1719 398 1780 eius
420 1737 481 1780 non
496 1719 555 1782 alia
570 1721 655 1787 iuxta
670 1720 762 1782 aliam
776 1721 875 1801 posita
898 1720 956 1799 sit,
984 1718 1068 1805 quod
1089 1719 1156 1783 fieri
1169 1738 1231 1783 non
1246 1729 1350 1803 potest

263 1822 322 1882 nisi
342 1840 439 1883 vacuo
454 1823 557 1903 aliquo
579 1825 676 1904 spatio
691 1823 809 1902 relicto,
835 1821 892 1884 sed
914 1831 950 1884 ut
969 1842 1075 1884 omnes
1097 1841 1196 1885 unum
1211 1825 1348 1903 spatium

263 1933 360 1986 totum
376 1926 538 2007 impleant:
558 1925 590 1988 id
605 1927 797 1991 cohaerentia
810 1927 994 2006 continetur,
1010 1945 1089 2007 quae
1105 1935 1152 1990 est
1167 1936 1349 2007 perpetuata

263 2047 319 2109 per
333 2038 437 2110 partes
452 2048 558 2092 omnes
573 2031 686 2095 unitas.
716 2031 822 2110 itaque
838 2030 984 2093 hactenus
1000 2048 1149 2095 numerus
1164 2037 1211 2091 est
1225 2031 1349 2093 series

263 2150 487 2195 caussarum
503 2143 623 2214 atque
639 2132 878 2210 effectuum;
897 2133 1085 2213 symmetria,
1105 2134 1234 2199 series
1249 2152 1349 2214 par-

263 2235 361 2299 tium
377 2236 695 2301 cohaerentium.
726 2237 828 2299 Partes
844 2245 947 2299 autem
964 2245 995 2297 et
1008 2236 1231 2299 cohaerentiam
1248 2255 1349 2317 quum

263 2338 405 2418 dicimus,
420 2341 452 2401 in
467 2339 525 2403 bac
540 2341 622 2403 omni
637 2339 844 2421 disputatione
860 2358 895 2400 ea
911 2348 1043 2420 tautum,
1058 2359 1137 2421 qnae
1153 2341 1252 2421 spatio
1267 2359 1349 2402 oon-

262 2443 408 2522 tinentur,
427 2444 571 2506 volumus
587 2444 723 2526 intelligi.

347 2646 418 2730 57.
451 2652 603 2724 Quoniam
617 2652 650 2712 in
666 2669 796 2715 numero
810 2651 1051 2730 symmetriaque
1070 2668 1132 2713 non
1151 2651 1296 2729 materia,
1323 2652 1343 2711 i,

261 2773 289 2814 e.
308 2772 358 2817 res
377 2773 457 2834 quae
477 2754 537 2817 sibi
555 2753 728 2819 succedunt
748 2763 1015 2834 coagmentataeve
1036 2761 1126 2833 sunt,
1153 2752 1211 2817 sed
1233 2752 1343 2832 forma,

260 2859 281 2919 i.
300 2877 327 2921 e.
346 2859 410 2921 sola
432 2868 568 2938 tempora
592 2867 623 2920 ει
644 2859 742 2938 spatie
763 2867 957 2939 spectaruur:
987 2867 1124 2936 tempora
1148 2866 1254 2919 autem
1276 2859 1347 2938 ipsa

261 2981 323 3023 oon
334 2961 419 3024 aliud
434 2981 473 3023 ex
488 2963 547 3024 alio
562 2971 743 3043 nascuntur,
757 2982 814 3024 nec
827 2963 927 3041 spatia
942 2963 1009 3042 ipsa
1021 2960 1079 3024 alia
1095 2961 1225 3025 aliorum
1239 2970 1347 3040 partes

261 3073 350 3127 sunt:
377 3064 596 3146 descriptiones
611 3085 717 3129 eorum
732 3067 775 3129 ita
788 3075 978 3145 comparatas
993 3083 1062 3127 esse
1077 3082 1201 3129 necesse
1219 3074 1283 3145 est,
1311 3074 1364 3141 ut,

261 3168 346 3247 ipsae
364 3186 422 3247 per
440 3187 474 3230 se
489 3169 652 3250 imaginem
668 3169 834 3235 exhibeant
855 3188 959 3233 rerum
978 3167 1141 3233 efficientia
1156 3168 1208 3231 vel
1228 3168 1347 3231 cohae-

260 3272 357 3333 rentia
378 3273 600 3353 copulatarum,
637 3274 743 3353 ltaque
765 3274 827 3334 iam
848 3290 997 3336 numerus
1020 3279 1068 3335 est
1092 3272 1218 3351 imago
1240 3270 1347 3333 efii-

260 3376 434 3437 cientiae
469 3395 540 3457 per
575 3386 755 3454 tempora
792 3383 1119 3456 repraesentata3
1163 3377 1345 3454 symmetria

260 3488 380 3559 autem,
428 3480 555 3559 imago
599 3479 884 3542 cohaerentiae
921 3486 1232 3559 repraesentata
1272 3496 1346 3556 per

259 3584 402 3662 spatia.

344 3789 369 3870 ξ
383 3786 415 3854 8.
448 3790 515 3853 Non
530 3798 748 3870 potestantem
765 3790 854 3853 aliter
867 3791 899 3851 in
915 3790 990 3872 ipsis
1004 3788 1196 3870 temporibus
1211 3790 1345 3869 spatiis-

260 3912 320 3973 quc
335 3911 482 3974 expressa
497 3911 645 3974 apparere
666 3895 765 3973 imago
787 3893 889 3974 aliqua
908 3893 1089 3956 efficientiae
1103 3893 1153 3954 vel
1169 3891 1345 3954 cohaeren-

259 3998 328 4077 tiae,
347 3998 406 4059 nisi
421 3997 613 4076 temporibus
627 3999 796 4079 spatiisque
811 4016 847 4058 ea
862 3998 1056 4077 proportione
1068 3995 1241 4076 descriptis,
1260 4015 1343 4076 quae

259 4099 308 4163 vel
330 4101 410 4162 inter
431 4119 556 4163 caussas
571 4110 664 4181 atque
685 4101 829 4179 effectus,
857 4100 903 4160 vel
924 4101 1004 4162 inter
1024 4109 1127 4179 partes
1148 4099 1342 4162 cohaerentia

259 4205 415 4284 copulatas
430 4214 486 4266 est.
513 4205 557 4264 Ea
572 4205 726 4283 proportio
742 4204 891 4264 antemio
908 4203 1150 4283 aequalitate
1165 4203 1263 4282 posita
1280 4213 1339 4267 εει.
