2804 4912
157 270 218 333 148
529 289 585 330 trs.
605 290 637 332 ιι.
665 290 727 332 car.
745 290 864 331 xxxvur.

157 445 343 504 Tetrametro
359 442 533 503 catalectico
549 460 626 504 usus
641 442 832 521 Phrynichus
847 443 995 523 tragicus:

241 543 282 616 τό
303 574 338 637 γε
359 547 424 638 μὴν
446 544 550 629 ξείνια
573 546 707 632 δούσας,
731 547 829 637 λόγος
851 547 960 636 ὥςπερ
984 547 1133 636 λέγεται,

242 647 368 734 ὀλέσαι,
388 647 594 738 κᾶποτεμεῖν
616 647 690 734 ὀξέϊ
707 653 822 740 χαλκῷ
843 649 1003 745 arpaldo.

156 770 195 830 Et
209 770 399 848 Phrynichus
415 771 565 832 comicus:

241 871 263 943 8
287 872 317 943 d'
339 872 465 965 ἀνάγκα
491 871 559 946 ’σθ’
583 874 727 966 ἱερεῦσιν
748 876 951 967 καθαρεύειν
973 874 1161 968 φράσομεν.

239 1088 263 1169 5
278 1087 356 1154 431.
384 1091 482 1168 Lyrici
498 1092 684 1170 antiquiores
700 1099 866 1172 systemata
882 1089 1022 1151 fecerunt
1038 1090 1153 1169 lonica,
1170 1108 1250 1170 quos

154 1195 291 1255 imitatus
318 1195 459 1256 Horatius
486 1194 534 1254 lll.
556 1196 605 1254 li.
631 1193 860 1274 decempedas
887 1195 1003 1255 Ionicos
1029 1211 1092 1254 una
1120 1195 1249 1274 stropha

154 1316 279 1376 unoque
295 1305 462 1376 systemate
478 1298 728 1378 comprehendit:

242 1411 424 1470 miserorum
439 1418 493 1487 est,
511 1428 606 1490 oeque
622 1411 721 1470 umori
735 1409 809 1471 dore
826 1408 938 1487 ludiim,
957 1427 1052 1490 oeque
1066 1408 1158 1472 dulci

242 1513 325 1574 mata
341 1514 409 1574 vino
425 1511 536 1584 locere,
557 1520 611 1575 cut
624 1513 805 1575 examinari
818 1520 978 1575 metuentes

237 1624 369 1695 patruae
384 1614 513 1677 cerbero
530 1617 661 1696 licpuoe.

155 1729 231 1788 Eam
247 1729 411 1805 rationem,
431 1727 654 1807 Hephaestione
670 1737 765 1807 teste,
788 1728 960 1808 praeiverat
975 1724 1109 1788 Alcaeus
1125 1729 1160 1789 in
1177 1730 1246 1791 illo:

240 1833 298 1919 ἐμὲ
321 1831 444 1918 δειλόν,
472 1831 530 1918 ἐμὲ
551 1839 666 1901 πασᾶν
687 1832 879 1900 κακοεάτων
901 1833 1114 1916 πεδέχοισαν.

154 1954 197 2012 De
213 1953 396 2032 tragicorum
412 1959 443 2012 et
458 1953 643 2013 comicorum
659 1952 835 2031 systematis
851 1970 917 2032 cap.
938 1970 1003 2031 seq.
1024 1951 1159 2014 dicetur.

505 2285 619 2355 cAP.
638 2284 867 2355 XXXVIII.

366 2435 425 2506 De
451 2437 656 2508 versibus
682 2436 1020 2509 Anacreonteis.

239 2604 355 2689 §432
392 2607 541 2670 Versus
567 2605 867 2671 Anacreonteos
893 2609 1051 2688 nonnulli,
1080 2611 1117 2671 in
1144 2612 1244 2693 iisque

152 2713 190 2774 M.
210 2711 314 2792 Varro,
336 2711 452 2773 Ionicos
468 2730 484 2772 a
501 2711 607 2772 maiori
623 2730 691 2773 esse
707 2713 933 2792 existimarunt,
959 2722 995 2774 ut
1009 2712 1106 2775 refert
1122 2716 1244 2777 Teren-

152 2817 254 2876 tianus
268 2815 392 2876 Maurus
407 2834 438 2894 p.
452 2813 546 2875 2447.
566 2824 738 2897 propterea,
754 2816 837 2895 quod
854 2815 960 2877 eodem
977 2835 1109 2878 numero
1126 2827 1241 2899 essent,

152 2937 216 2999 quo
236 2919 387 2980 finiuntur
401 2917 533 2980 Sotadei.
568 2919 725 2997 Carmina,
752 2937 831 2998 quae
853 2919 942 2981 hodie
958 2917 1163 2983 Anacreontis
1184 2942 1245 2983 no-

152 3022 234 3083 mine
250 3021 525 3102 circumferuntur,
548 3040 680 3102 quorum
695 3023 881 3101 paucissima
897 3022 1044 3086 videntur
1058 3021 1246 3087 Anacreon-

151 3127 191 3187 tis
209 3146 292 3205 esse,
318 3126 466 3206 pleraque
489 3126 586 3186 multo
608 3127 829 3204 recentiorum,
858 3127 1011 3206 quaedam
1034 3127 1129 3188 etiam
1152 3129 1246 3209 plano

151 3229 362 3311 imperitorum
387 3230 545 3291 hominum
568 3238 658 3308 sunt,
690 3230 819 3291 multam
841 3229 1054 3311 praebuerunt
1076 3230 1246 3295 dubitandi

151 3333 320 3393 materiam.
353 3329 397 3392 Ac
412 3350 522 3411 magna
537 3350 609 3413 pars
625 3334 735 3393 horum
752 3333 944 3413 carminum„
958 3353 1038 3415 quae
1053 3336 1144 3414 puris
1160 3337 1247 3399 iam-

151 3435 201 3496 bis
218 3444 345 3515 constat,
361 3435 419 3513 his,
435 3454 496 3496 non
512 3435 621 3496 lonicis
636 3435 869 3497 adnumeranda
881 3446 937 3498 est.
965 3439 1009 3499 Ea
1025 3438 1111 3499 hunc
1126 3439 1249 3505 habeut

151 3556 332 3621 numerum:

238 3633 411 3688 &Lm-010

238 3739 331 3808 θέλω
354 3739 461 3827 λέγειν
482 3736 663 3828 Ἀτρείδας.

152 3855 197 3918 Ea
213 3865 327 3935 autem,
347 3875 428 3937 quae
445 3875 515 3919 vere
531 3860 630 3921 Ionica
647 3868 730 3940 sunt,
746 3860 869 3922 dimetri
885 3871 958 3923 sunt
973 3862 1099 3924 lonicia
1118 3864 1245 3948 minori,

153 3958 309 4021 anaclasin
325 3960 509 4041 plerumque
524 3961 690 4025 hahentes:

237 4061 335 4108 υυέ-
401 4063 498 4111 υυέ.

238 4159 338 4211 υυέῦ
401 4163 497 4214 ij
596 4214 599 4219 ‚
