<?xml version="1.0" encoding="UTF-8"?>
<!DOCTYPE html PUBLIC "-//W3C//DTD XHTML 1.0 Transitional//EN"
    "http://www.w3.org/TR/xhtml1/DTD/xhtml1-transitional.dtd">
<html xmlns="http://www.w3.org/1999/xhtml" xml:lang="en" lang="en">
 <head>
  <title>
</title>
<meta http-equiv="Content-Type" content="text/html;charset=utf-8" />
  <meta name='ocr-system' content='tesseract 3.04.00' />
  <meta name='ocr-capabilities' content='ocr_page ocr_carea ocr_par ocr_line ocrx_word'/>
</head>
<body>
  <div class='ocr_page' id='page_1' title='image "./godofrediherman00hermgoog/godofrediherman00hermgoog_0248.png"; bbox 0 0 2804 4912; ppageno 0'>
   <div class='ocr_carea' id='block_1_1' title="bbox 157 289 835 363">
    <p class='ocr_par' dir='ltr' id='par_1_1' title="bbox 157 289 835 363">
     <span class='ocr_line' id='line_1_1' title="bbox 157 289 835 363; baseline 0.007 -5"><span class='ocrx_word' id='word_1_1' title='bbox 157 296 220 360; x_wconf 70' lang='lat'>²08</span> <span class='ocrx_word' id='word_1_2' title='bbox 314 289 318 295; x_wconf 79' lang='grc'><strong>’</strong></span> <span class='ocrx_word' id='word_1_3' title='bbox 559 318 616 362; x_wconf 82' lang='lat' dir='ltr'>uu.</span> <span class='ocrx_word' id='word_1_4' title='bbox 635 319 679 363; x_wconf 86' lang='lat' dir='ltr'>nr.</span> <span class='ocrx_word' id='word_1_5' title='bbox 706 318 769 363; x_wconf 73' lang='lat' dir='ltr'>cur.</span> <span class='ocrx_word' id='word_1_6' title='bbox 788 320 835 363; x_wconf 83' lang='lat' dir='ltr'>xv.</span> 
     </span>
    </p>
   </div>
   <div class='ocr_carea' id='block_1_2' title="bbox 157 436 1267 736">
    <p class='ocr_par' dir='ltr' id='par_1_2' title="bbox 157 436 1267 736">
     <span class='ocr_line' id='line_1_2' title="bbox 242 436 1267 554; baseline 0.002 -22"><span class='ocrx_word' id='word_1_7' title='bbox 242 465 358 549; x_wconf 64' lang='lat'><strong>5573.</strong></span> <span class='ocrx_word' id='word_1_8' title='bbox 392 471 519 552; x_wconf 84' lang='lat' dir='ltr'><strong>Propius</strong></span> <span class='ocrx_word' id='word_1_9' title='bbox 534 469 574 532; x_wconf 93' lang='lat' dir='ltr'>ad</span> <span class='ocrx_word' id='word_1_10' title='bbox 590 490 653 550; x_wconf 88' lang='lat' dir='ltr'>eas,</span> <span class='ocrx_word' id='word_1_11' title='bbox 672 491 753 551; x_wconf 91' lang='lat' dir='ltr'>quae</span> <span class='ocrx_word' id='word_1_12' title='bbox 769 472 861 552; x_wconf 77' lang='lat' dir='ltr'>vulgo</span> <span class='ocrx_word' id='word_1_13' title='bbox 876 474 1020 554; x_wconf 78' lang='lat' dir='ltr'>strophae</span> <span class='ocrx_word' id='word_1_14' title='bbox 1036 436 1267 552; x_wconf 44' lang='lat' dir='ltr'>appellant*-</span> 
     </span>
     <span class='ocr_line' id='line_1_3' title="bbox 158 572 1267 656; baseline 0.004 -23"><span class='ocrx_word' id='word_1_15' title='bbox 158 572 276 633; x_wconf 87' lang='lat' dir='ltr'>accedit</span> <span class='ocrx_word' id='word_1_16' title='bbox 299 573 390 634; x_wconf 86' lang='lat' dir='ltr'>trium</span> <span class='ocrx_word' id='word_1_17' title='bbox 415 593 474 635; x_wconf 91' lang='lat' dir='ltr'>non</span> <span class='ocrx_word' id='word_1_18' title='bbox 499 593 648 635; x_wconf 82' lang='lat' dir='ltr'>nexorum</span> <span class='ocrx_word' id='word_1_19' title='bbox 671 594 819 637; x_wconf 87' lang='lat' dir='ltr'>versuum</span> <span class='ocrx_word' id='word_1_20' title='bbox 847 577 1044 656; x_wconf 76' lang='lat' dir='ltr'>consociatio,</span> <span class='ocrx_word' id='word_1_21' title='bbox 1078 585 1113 638; x_wconf 90' lang='lat' dir='ltr'>ut</span> <span class='ocrx_word' id='word_1_22' title='bbox 1135 577 1164 637; x_wconf 92' lang='lat' dir='ltr'>in</span> <span class='ocrx_word' id='word_1_23' title='bbox 1184 577 1267 646; x_wconf 70' lang='lat' dir='ltr'>b</span> 
     </span>
     <span class='ocr_line' id='line_1_4' title="bbox 157 675 323 736; baseline -0.006 0"><span class='ocrx_word' id='word_1_24' title='bbox 157 675 323 736; x_wconf 74' lang='lat' dir='ltr'>Theocriti:</span> 
     </span>
    </p>
   </div>
   <div class='ocr_carea' id='block_1_3' title="bbox 245 804 1255 1105">
    <p class='ocr_par' dir='ltr' id='par_1_3' title="bbox 245 804 1255 1105">
     <span class='ocr_line' id='line_1_5' title="bbox 245 804 1255 902; baseline 0.01 -30"><span class='ocrx_word' id='word_1_25' title='bbox 245 805 432 895; x_wconf 69' lang='grc' dir='ltr'><strong><em>νἸρχίλοχον</em></strong></span> <span class='ocrx_word' id='word_1_26' title='bbox 453 808 511 875; x_wconf 86' lang='grc' dir='ltr'>καὶ</span> <span class='ocrx_word' id='word_1_27' title='bbox 533 815 639 876; x_wconf 69' lang='grc' dir='ltr'><strong><em>στᾶθι</em></strong></span> <span class='ocrx_word' id='word_1_28' title='bbox 660 808 719 876; x_wconf 84' lang='grc' dir='ltr'>καὶ</span> <span class='ocrx_word' id='word_1_29' title='bbox 748 804 849 888; x_wconf 78' lang='grc' dir='ltr'><em>εἴςιδε</em></span> <span class='ocrx_word' id='word_1_30' title='bbox 870 809 927 877; x_wconf 79' lang='grc' dir='ltr'>τὸν</span> <span class='ocrx_word' id='word_1_31' title='bbox 949 809 1059 878; x_wconf 80' lang='grc' dir='ltr'><em>πάλαι</em></span> <span class='ocrx_word' id='word_1_32' title='bbox 1083 814 1255 902; x_wconf 55' lang='lat' dir='ltr'>worp&amp;</span> 
     </span>
     <span class='ocr_line' id='line_1_6' title="bbox 284 902 981 999; baseline 0.003 -21"><span class='ocrx_word' id='word_1_33' title='bbox 284 911 342 978; x_wconf 83' lang='grc' dir='ltr'>τὸν</span> <span class='ocrx_word' id='word_1_34' title='bbox 363 918 429 978; x_wconf 81' lang='grc' dir='ltr'>τῶν</span> <span class='ocrx_word' id='word_1_35' title='bbox 454 909 594 999; x_wconf 79' lang='grc' dir='ltr'><strong><em>ἰάμβων,</em></strong></span> <span class='ocrx_word' id='word_1_36' title='bbox 621 902 662 978; x_wconf 79' lang='grc' dir='ltr'>οὗ</span> <span class='ocrx_word' id='word_1_37' title='bbox 682 912 722 978; x_wconf 82' lang='grc' dir='ltr'>τὸ</span> <span class='ocrx_word' id='word_1_38' title='bbox 744 909 864 999; x_wconf 86' lang='grc' dir='ltr'><strong><em>μορίον</em></strong></span> <span class='ocrx_word' id='word_1_39' title='bbox 885 914 981 992; x_wconf 83' lang='grc' dir='ltr'><strong><em>κλέος</em></strong></span> 
     </span>
     <span class='ocr_line' id='line_1_7' title="bbox 328 1008 945 1105; baseline 0 -22"><span class='ocrx_word' id='word_1_40' title='bbox 328 1015 449 1105; x_wconf 76' lang='grc' dir='ltr'><em>διῆλθε</em></span> <span class='ocrx_word' id='word_1_41' title='bbox 470 1008 553 1105; x_wconf 77' lang='grc' dir='ltr'>κήπὶ</span> <span class='ocrx_word' id='word_1_42' title='bbox 574 1016 673 1082; x_wconf 80' lang='grc' dir='ltr'><strong><em>νύκτα</em></strong></span> <span class='ocrx_word' id='word_1_43' title='bbox 695 1014 754 1082; x_wconf 88' lang='grc' dir='ltr'>καὶ</span> <span class='ocrx_word' id='word_1_44' title='bbox 776 1014 861 1104; x_wconf 80' lang='grc' dir='ltr'><strong><em>πρὸς</em></strong></span> <span class='ocrx_word' id='word_1_45' title='bbox 883 1011 945 1083; x_wconf 73' lang='lat' dir='ltr'>dot.</span> 
     </span>
    </p>
   </div>
   <div class='ocr_carea' id='block_1_4' title="bbox 154 1166 1267 1454">
    <p class='ocr_par' dir='ltr' id='par_1_4' title="bbox 154 1166 1267 1454">
     <span class='ocr_line' id='line_1_8' title="bbox 155 1166 1221 1248; baseline 0.001 -21"><span class='ocrx_word' id='word_1_46' title='bbox 155 1166 202 1227; x_wconf 78' lang='lat' dir='ltr'>hd</span> <span class='ocrx_word' id='word_1_47' title='bbox 226 1186 318 1246; x_wconf 84' lang='lat' dir='ltr'>quem</span> <span class='ocrx_word' id='word_1_48' title='bbox 342 1167 468 1228; x_wconf 93' lang='lat' dir='ltr'>modum</span> <span class='ocrx_word' id='word_1_49' title='bbox 492 1168 583 1228; x_wconf 91' lang='lat' dir='ltr'>etiam</span> <span class='ocrx_word' id='word_1_50' title='bbox 606 1167 795 1245; x_wconf 80' lang='lat' dir='ltr'>longioribus</span> <span class='ocrx_word' id='word_1_51' title='bbox 818 1168 952 1248; x_wconf 90' lang='lat' dir='ltr'>strophis</span> <span class='ocrx_word' id='word_1_52' title='bbox 974 1170 1116 1232; x_wconf 89' lang='lat' dir='ltr'>luserunt</span> <span class='ocrx_word' id='word_1_53' title='bbox 1136 1179 1221 1248; x_wconf 86' lang='lat' dir='ltr'>poetae</span> 
     </span>
     <span class='ocr_line' id='line_1_9' title="bbox 155 1269 1267 1353; baseline 0.001 -23"><span class='ocrx_word' id='word_1_54' title='bbox 155 1269 293 1350; x_wconf 86' lang='lat' dir='ltr'>quidam,</span> <span class='ocrx_word' id='word_1_55' title='bbox 318 1271 459 1349; x_wconf 66' lang='lat' dir='ltr'>spingis,</span> <span class='ocrx_word' id='word_1_56' title='bbox 484 1289 565 1349; x_wconf 90' lang='lat' dir='ltr'>arae,</span> <span class='ocrx_word' id='word_1_57' title='bbox 592 1271 719 1348; x_wconf 70' lang='lat' dir='ltr'>securis</span> <span class='ocrx_word' id='word_1_58' title='bbox 742 1270 818 1349; x_wconf 91' lang='lat' dir='ltr'>alae,</span> <span class='ocrx_word' id='word_1_59' title='bbox 841 1272 889 1330; x_wconf 92' lang='lat' dir='ltr'>ovi</span> <span class='ocrx_word' id='word_1_60' title='bbox 912 1274 1046 1349; x_wconf 89' lang='lat' dir='ltr'>speciem</span> <span class='ocrx_word' id='word_1_61' title='bbox 1063 1273 1219 1353; x_wconf 80' lang='lat' dir='ltr'>exprimen·</span> <span class='ocrx_word' id='word_1_62' title='bbox 1264 1288 1267 1351; x_wconf 65' lang='lat' dir='ltr'>l</span> 
     </span>
     <span class='ocr_line' id='line_1_10' title="bbox 154 1360 1267 1454; baseline 0.003 -20"><span class='ocrx_word' id='word_1_63' title='bbox 154 1385 211 1435; x_wconf 89' lang='lat' dir='ltr'>tes.</span> <span class='ocrx_word' id='word_1_64' title='bbox 248 1375 281 1434; x_wconf 90' lang='lat' dir='ltr'>V.</span> <span class='ocrx_word' id='word_1_65' title='bbox 301 1372 423 1434; x_wconf 78' lang='lat' dir='ltr'>huthol.</span> <span class='ocrx_word' id='word_1_66' title='bbox 444 1374 503 1435; x_wconf 90' lang='lat' dir='ltr'>vol.</span> <span class='ocrx_word' id='word_1_67' title='bbox 524 1374 559 1435; x_wconf 91' lang='lat' dir='ltr'>ll.</span> <span class='ocrx_word' id='word_1_68' title='bbox 578 1393 609 1454; x_wconf 87' lang='lat' dir='ltr'>p.</span> <span class='ocrx_word' id='word_1_69' title='bbox 631 1375 703 1433; x_wconf 79' lang='lat'><strong>6033.</strong></span> <span class='ocrx_word' id='word_1_70' title='bbox 723 1373 772 1436; x_wconf 91' lang='lat' dir='ltr'>ed.</span> <span class='ocrx_word' id='word_1_71' title='bbox 792 1373 918 1435; x_wconf 91' lang='lat' dir='ltr'>lacobsii</span> <span class='ocrx_word' id='word_1_72' title='bbox 934 1393 996 1437; x_wconf 89' lang='lat' dir='ltr'>sec.</span> <span class='ocrx_word' id='word_1_73' title='bbox 1264 1360 1267 1387; x_wconf 73' lang='lat'>⁸</span> 
     </span>
    </p>
   </div>
   <div class='ocr_carea' id='block_1_5' title="bbox 151 1628 1235 3163">
    <p class='ocr_par' dir='ltr' id='par_1_5' title="bbox 151 1628 1235 3163">
     <span class='ocr_line' id='line_1_11' title="bbox 240 1628 1216 1715; baseline -0.002 -20"><span class='ocrx_word' id='word_1_74' title='bbox 240 1628 363 1712; x_wconf 64' lang='lat'><strong>5574.</strong></span> <span class='ocrx_word' id='word_1_75' title='bbox 409 1630 624 1694; x_wconf 88' lang='lat' dir='ltr'>Secundum</span> <span class='ocrx_word' id='word_1_76' title='bbox 655 1652 773 1714; x_wconf 78' lang='lat' dir='ltr'>genus</span> <span class='ocrx_word' id='word_1_77' title='bbox 803 1635 1044 1715; x_wconf 80' lang='lat' dir='ltr'>stropharum</span> <span class='ocrx_word' id='word_1_78' title='bbox 1075 1633 1149 1697; x_wconf 92' lang='lat' dir='ltr'>illud</span> <span class='ocrx_word' id='word_1_79' title='bbox 1173 1640 1216 1711; x_wconf 88' lang='lat' dir='ltr'>est,</span> 
     </span>
     <span class='ocr_line' id='line_1_12' title="bbox 155 1733 1220 1819; baseline -0.001 -21"><span class='ocrx_word' id='word_1_80' title='bbox 155 1757 216 1817; x_wconf 86' lang='lat' dir='ltr'>quo</span> <span class='ocrx_word' id='word_1_81' title='bbox 237 1734 403 1797; x_wconf 82' lang='lat' dir='ltr'>Accienses</span> <span class='ocrx_word' id='word_1_82' title='bbox 425 1745 549 1817; x_wconf 87' lang='lat' dir='ltr'>poetae,</span> <span class='ocrx_word' id='word_1_83' title='bbox 575 1733 724 1818; x_wconf 82' lang='lat' dir='ltr'>Alcaeus,</span> <span class='ocrx_word' id='word_1_84' title='bbox 753 1740 892 1819; x_wconf 87' lang='lat' dir='ltr'>Sappho,</span> <span class='ocrx_word' id='word_1_85' title='bbox 916 1746 947 1799; x_wconf 91' lang='lat' dir='ltr'>et</span> <span class='ocrx_word' id='word_1_86' title='bbox 966 1759 1004 1800; x_wconf 85' lang='lat' dir='ltr'>ex</span> <span class='ocrx_word' id='word_1_87' title='bbox 1030 1740 1138 1800; x_wconf 86' lang='lat' dir='ltr'>Ionicis</span> <span class='ocrx_word' id='word_1_88' title='bbox 1151 1736 1220 1799; x_wconf 83' lang='lat' dir='ltr'>Ana-</span> 
     </span>
     <span class='ocr_line' id='line_1_13' title="bbox 154 1838 1218 1922; baseline -0.001 -20"><span class='ocrx_word' id='word_1_89' title='bbox 154 1860 255 1920; x_wconf 90' lang='lat' dir='ltr'>creon,</span> <span class='ocrx_word' id='word_1_90' title='bbox 281 1841 329 1900; x_wconf 92' lang='lat' dir='ltr'>usi</span> <span class='ocrx_word' id='word_1_91' title='bbox 346 1848 430 1917; x_wconf 90' lang='lat' dir='ltr'>sunt,</span> <span class='ocrx_word' id='word_1_92' title='bbox 454 1838 538 1919; x_wconf 91' lang='lat' dir='ltr'>quod</span> <span class='ocrx_word' id='word_1_93' title='bbox 554 1838 648 1901; x_wconf 89' lang='lat' dir='ltr'>breve</span> <span class='ocrx_word' id='word_1_94' title='bbox 663 1851 721 1920; x_wconf 91' lang='lat' dir='ltr'>est,</span> <span class='ocrx_word' id='word_1_95' title='bbox 745 1852 776 1903; x_wconf 90' lang='lat' dir='ltr'>et</span> <span class='ocrx_word' id='word_1_96' title='bbox 790 1843 854 1904; x_wconf 85' lang='lat' dir='ltr'>iere</span> <span class='ocrx_word' id='word_1_97' title='bbox 869 1863 907 1904; x_wconf 83' lang='lat' dir='ltr'>ex</span> <span class='ocrx_word' id='word_1_98' title='bbox 924 1852 1071 1922; x_wconf 90' lang='lat' dir='ltr'>quattuor</span> <span class='ocrx_word' id='word_1_99' title='bbox 1085 1841 1218 1915; x_wconf 79' lang='lat' dir='ltr'>versibus,</span> 
     </span>
     <span class='ocr_line' id='line_1_14' title="bbox 154 1943 1219 2027; baseline -0.001 -23"><span class='ocrx_word' id='word_1_100' title='bbox 154 1963 283 2005; x_wconf 89' lang='lat' dir='ltr'>numero</span> <span class='ocrx_word' id='word_1_101' title='bbox 313 1943 479 2022; x_wconf 89' lang='lat' dir='ltr'>similibus,</span> <span class='ocrx_word' id='word_1_102' title='bbox 514 1945 726 2023; x_wconf 90' lang='lat' dir='ltr'>compositum.</span> <span class='ocrx_word' id='word_1_103' title='bbox 768 1947 802 2007; x_wconf 91' lang='lat' dir='ltr'>V.</span> <span class='ocrx_word' id='word_1_104' title='bbox 829 1947 954 2027; x_wconf 83' lang='lat' dir='ltr'>Dionys.</span> <span class='ocrx_word' id='word_1_105' title='bbox 981 1946 1047 2007; x_wconf 92' lang='lat' dir='ltr'>Hal.</span> <span class='ocrx_word' id='word_1_106' title='bbox 1075 1945 1113 2008; x_wconf 93' lang='lat' dir='ltr'>de</span> <span class='ocrx_word' id='word_1_107' title='bbox 1138 1964 1219 2024; x_wconf 92' lang='lat' dir='ltr'>comp.</span> 
     </span>
     <span class='ocr_line' id='line_1_15' title="bbox 153 2047 1224 2130; baseline 0 -21"><span class='ocrx_word' id='word_1_108' title='bbox 153 2047 240 2109; x_wconf 89' lang='lat' dir='ltr'>verb.</span> <span class='ocrx_word' id='word_1_109' title='bbox 261 2066 288 2108; x_wconf 89' lang='lat' dir='ltr'>c.</span> <span class='ocrx_word' id='word_1_110' title='bbox 310 2049 358 2107; x_wconf 77' lang='lat' dir='ltr'>ta.</span> <span class='ocrx_word' id='word_1_111' title='bbox 379 2066 409 2126; x_wconf 95' lang='lat' dir='ltr'>p.</span> <span class='ocrx_word' id='word_1_112' title='bbox 431 2047 503 2107; x_wconf 73' lang='lat'>262.</span> <span class='ocrx_word' id='word_1_113' title='bbox 539 2047 681 2108; x_wconf 89' lang='lat' dir='ltr'>Carmina</span> <span class='ocrx_word' id='word_1_114' title='bbox 704 2049 813 2110; x_wconf 91' lang='lat' dir='ltr'>horum</span> <span class='ocrx_word' id='word_1_115' title='bbox 835 2058 996 2130; x_wconf 86' lang='lat' dir='ltr'>poetarum</span> <span class='ocrx_word' id='word_1_116' title='bbox 1014 2048 1079 2110; x_wconf 87' lang='lat' dir='ltr'>lere</span> <span class='ocrx_word' id='word_1_117' title='bbox 1101 2066 1224 2109; x_wconf 92' lang='lat' dir='ltr'>mono-</span> 
     </span>
     <span class='ocr_line' id='line_1_16' title="bbox 154 2149 1225 2233; baseline -0.001 -21"><span class='ocrx_word' id='word_1_118' title='bbox 154 2149 375 2229; x_wconf 85' lang='lat' dir='ltr'>strophica¹</span> <span class='ocrx_word' id='word_1_119' title='bbox 388 2159 475 2228; x_wconf 89' lang='lat' dir='ltr'>sunt,</span> <span class='ocrx_word' id='word_1_120' title='bbox 508 2150 526 2210; x_wconf 92' lang='lat' dir='ltr'>i.</span> <span class='ocrx_word' id='word_1_121' title='bbox 547 2170 574 2210; x_wconf 91' lang='lat' dir='ltr'>e.</span> <span class='ocrx_word' id='word_1_122' title='bbox 594 2151 733 2213; x_wconf 90' lang='lat' dir='ltr'>eamdem</span> <span class='ocrx_word' id='word_1_123' title='bbox 757 2171 880 2232; x_wconf 88' lang='lat' dir='ltr'>semper</span> <span class='ocrx_word' id='word_1_124' title='bbox 901 2153 1060 2233; x_wconf 89' lang='lat' dir='ltr'>stropham</span> <span class='ocrx_word' id='word_1_125' title='bbox 1083 2153 1225 2233; x_wconf 87' lang='lat' dir='ltr'>repetitam</span> 
     </span>
     <span class='ocr_line' id='line_1_17' title="bbox 155 2251 1227 2337; baseline -0.002 -22"><span class='ocrx_word' id='word_1_126' title='bbox 155 2254 279 2315; x_wconf 89' lang='lat' dir='ltr'>habent.</span> <span class='ocrx_word' id='word_1_127' title='bbox 313 2251 362 2313; x_wconf 81' lang='lat' dir='ltr'>hd</span> <span class='ocrx_word' id='word_1_128' title='bbox 381 2273 416 2313; x_wconf 91' lang='lat' dir='ltr'>ea</span> <span class='ocrx_word' id='word_1_129' title='bbox 438 2254 594 2333; x_wconf 87' lang='lat' dir='ltr'>pertinent</span> <span class='ocrx_word' id='word_1_130' title='bbox 608 2256 716 2335; x_wconf 89' lang='lat' dir='ltr'>etiam,</span> <span class='ocrx_word' id='word_1_131' title='bbox 745 2275 877 2336; x_wconf 92' lang='lat' dir='ltr'>quorum</span> <span class='ocrx_word' id='word_1_132' title='bbox 896 2256 1039 2337; x_wconf 89' lang='lat' dir='ltr'>strophae</span> <span class='ocrx_word' id='word_1_133' title='bbox 1055 2254 1154 2316; x_wconf 79' lang='lat' dir='ltr'>iactae</span> <span class='ocrx_word' id='word_1_134' title='bbox 1168 2262 1227 2318; x_wconf 88' lang='lat' dir='ltr'>suut</span> 
     </span>
     <span class='ocr_line' id='line_1_18' title="bbox 153 2346 1227 2442; baseline -0.002 -23"><span class='ocrx_word' id='word_1_135' title='bbox 153 2351 237 2419; x_wconf 75' lang='lat' dir='ltr'>nord</span> <span class='ocrx_word' id='word_1_136' title='bbox 266 2349 454 2441; x_wconf 80' lang='grc' dir='ltr'><strong><em>περικοπὴν</em></strong></span> <span class='ocrx_word' id='word_1_137' title='bbox 483 2346 726 2442; x_wconf 76' lang='grc' dir='ltr'><strong><em>ἀνομοιομερῆ,</em></strong></span> <span class='ocrx_word' id='word_1_138' title='bbox 758 2360 931 2422; x_wconf 91' lang='lat' dir='ltr'>cuiusmodi</span> <span class='ocrx_word' id='word_1_139' title='bbox 962 2358 1140 2438; x_wconf 82' lang='lat' dir='ltr'>exemplum</span> <span class='ocrx_word' id='word_1_140' title='bbox 1168 2356 1227 2419; x_wconf 75' lang='lat' dir='ltr'>tide</span> 
     </span>
     <span class='ocr_line' id='line_1_19' title="bbox 153 2459 1228 2544; baseline 0.009 -30"><span class='ocrx_word' id='word_1_141' title='bbox 153 2460 259 2544; x_wconf 69' lang='lat' dir='ltr'>§tito</span> <span class='ocrx_word' id='word_1_142' title='bbox 292 2459 452 2540; x_wconf 79' lang='lat' dir='ltr'>EpodiS,</span> <span class='ocrx_word' id='word_1_143' title='bbox 479 2479 559 2539; x_wconf 90' lang='lat' dir='ltr'>quae</span> <span class='ocrx_word' id='word_1_144' title='bbox 581 2461 725 2522; x_wconf 77' lang='lat' dir='ltr'>feminino</span> <span class='ocrx_word' id='word_1_145' title='bbox 740 2481 852 2543; x_wconf 78' lang='lat' dir='ltr'>genere</span> <span class='ocrx_word' id='word_1_146' title='bbox 875 2463 1036 2542; x_wconf 88' lang='lat' dir='ltr'>dicuntur,</span> <span class='ocrx_word' id='word_1_147' title='bbox 1065 2461 1104 2524; x_wconf 93' lang='lat' dir='ltr'>de</span> <span class='ocrx_word' id='word_1_148' title='bbox 1127 2462 1228 2543; x_wconf 84' lang='lat' dir='ltr'>quibus</span> 
     </span>
     <span class='ocr_line' id='line_1_20' title="bbox 153 2562 1229 2647; baseline 0 -22"><span class='ocrx_word' id='word_1_149' title='bbox 153 2565 230 2625; x_wconf 85' lang='lat' dir='ltr'>inira</span> <span class='ocrx_word' id='word_1_150' title='bbox 247 2562 265 2647; x_wconf 77' lang='lat'><em>§</em></span> <span class='ocrx_word' id='word_1_151' title='bbox 282 2565 368 2642; x_wconf 73' lang='lat'>576,</span> <span class='ocrx_word' id='word_1_152' title='bbox 387 2582 456 2625; x_wconf 89' lang='lat' dir='ltr'>raro</span> <span class='ocrx_word' id='word_1_153' title='bbox 470 2563 502 2624; x_wconf 88' lang='lat' dir='ltr'>hi</span> <span class='ocrx_word' id='word_1_154' title='bbox 518 2563 642 2643; x_wconf 90' lang='lat' dir='ltr'>quidem</span> <span class='ocrx_word' id='word_1_155' title='bbox 659 2575 777 2646; x_wconf 86' lang='lat' dir='ltr'>poetae,</span> <span class='ocrx_word' id='word_1_156' title='bbox 800 2565 907 2627; x_wconf 90' lang='lat' dir='ltr'>eodem</span> <span class='ocrx_word' id='word_1_157' title='bbox 924 2567 1070 2645; x_wconf 85' lang='lat' dir='ltr'>Dionysio</span> <span class='ocrx_word' id='word_1_158' title='bbox 1086 2575 1174 2646; x_wconf 88' lang='lat' dir='ltr'>teste,</span> <span class='ocrx_word' id='word_1_159' title='bbox 1190 2565 1229 2627; x_wconf 89' lang='lat' dir='ltr'>usi</span> 
     </span>
     <span class='ocr_line' id='line_1_21' title="bbox 153 2661 1231 2748; baseline -0.001 -17"><span class='ocrx_word' id='word_1_160' title='bbox 153 2678 235 2731; x_wconf 89' lang='lat' dir='ltr'>sunt.</span> <span class='ocrx_word' id='word_1_161' title='bbox 269 2666 318 2729; x_wconf 82' lang='lat' dir='ltr'>An</span> <span class='ocrx_word' id='word_1_162' title='bbox 341 2668 432 2728; x_wconf 91' lang='lat' dir='ltr'>etiam</span> <span class='ocrx_word' id='word_1_163' title='bbox 449 2669 583 2729; x_wconf 89' lang='lat' dir='ltr'>carmina</span> <span class='ocrx_word' id='word_1_164' title='bbox 607 2667 734 2730; x_wconf 86' lang='lat' dir='ltr'>iecerint</span> <span class='ocrx_word' id='word_1_165' title='bbox 756 2663 841 2731; x_wconf 78' lang='grc' dir='ltr'><strong><em>κατὰ</em></strong></span> <span class='ocrx_word' id='word_1_166' title='bbox 865 2661 994 2748; x_wconf 80' lang='grc' dir='ltr'><strong><em>στίχον,</em></strong></span> <span class='ocrx_word' id='word_1_167' title='bbox 1020 2670 1039 2730; x_wconf 89' lang='lat' dir='ltr'>i.</span> <span class='ocrx_word' id='word_1_168' title='bbox 1060 2688 1088 2730; x_wconf 91' lang='lat' dir='ltr'>e.</span> <span class='ocrx_word' id='word_1_169' title='bbox 1108 2688 1231 2748; x_wconf 79' lang='lat' dir='ltr'>unoge-</span> 
     </span>
     <span class='ocr_line' id='line_1_22' title="bbox 152 2770 1229 2854; baseline -0.002 -21"><span class='ocrx_word' id='word_1_170' title='bbox 152 2792 226 2833; x_wconf 91' lang='lat' dir='ltr'>nere</span> <span class='ocrx_word' id='word_1_171' title='bbox 242 2789 351 2834; x_wconf 91' lang='lat' dir='ltr'>versus</span> <span class='ocrx_word' id='word_1_172' title='bbox 367 2772 504 2852; x_wconf 89' lang='lat' dir='ltr'>repetito,</span> <span class='ocrx_word' id='word_1_173' title='bbox 527 2781 558 2831; x_wconf 92' lang='lat' dir='ltr'>et</span> <span class='ocrx_word' id='word_1_174' title='bbox 573 2790 635 2832; x_wconf 88' lang='lat' dir='ltr'>non</span> <span class='ocrx_word' id='word_1_175' title='bbox 651 2772 681 2831; x_wconf 94' lang='lat' dir='ltr'>in</span> <span class='ocrx_word' id='word_1_176' title='bbox 698 2772 839 2852; x_wconf 91' lang='lat' dir='ltr'>strophas</span> <span class='ocrx_word' id='word_1_177' title='bbox 856 2772 1013 2854; x_wconf 87' lang='lat' dir='ltr'>disposito,</span> <span class='ocrx_word' id='word_1_178' title='bbox 1033 2770 1166 2835; x_wconf 89' lang='lat' dir='ltr'>dubium</span> <span class='ocrx_word' id='word_1_179' title='bbox 1180 2781 1229 2833; x_wconf 80' lang='lat' dir='ltr'>est.</span> 
     </span>
     <span class='ocr_line' id='line_1_23' title="bbox 152 2873 1232 2956; baseline 0.001 -20"><span class='ocrx_word' id='word_1_180' title='bbox 152 2877 228 2938; x_wconf 89' lang='lat' dir='ltr'>Nam</span> <span class='ocrx_word' id='word_1_181' title='bbox 252 2875 434 2956; x_wconf 79' lang='lat' dir='ltr'>hephaestio</span> <span class='ocrx_word' id='word_1_182' title='bbox 460 2895 490 2956; x_wconf 93' lang='lat' dir='ltr'>p.</span> <span class='ocrx_word' id='word_1_183' title='bbox 512 2876 552 2934; x_wconf 80' lang='lat'>65</span> <span class='ocrx_word' id='word_1_184' title='bbox 581 2873 691 2956; x_wconf 66' lang='lat' dir='ltr'>(tlt).</span> <span class='ocrx_word' id='word_1_185' title='bbox 718 2876 891 2938; x_wconf 91' lang='lat' dir='ltr'>secundum</span> <span class='ocrx_word' id='word_1_186' title='bbox 918 2885 950 2937; x_wconf 92' lang='lat' dir='ltr'>et</span> <span class='ocrx_word' id='word_1_187' title='bbox 975 2876 1102 2938; x_wconf 87' lang='lat' dir='ltr'>tertium</span> <span class='ocrx_word' id='word_1_188' title='bbox 1129 2877 1232 2939; x_wconf 88' lang='lat' dir='ltr'>librum</span> 
     </span>
     <span class='ocr_line' id='line_1_24' title="bbox 151 2968 1233 3065; baseline 0.001 -24"><span class='ocrx_word' id='word_1_189' title='bbox 151 2980 295 3060; x_wconf 86' lang='lat' dir='ltr'>Sapphus</span> <span class='ocrx_word' id='word_1_190' title='bbox 312 2987 343 3039; x_wconf 89' lang='lat' dir='ltr'>et</span> <span class='ocrx_word' id='word_1_191' title='bbox 363 2971 449 3040; x_wconf 84' lang='grc' dir='ltr'><strong><em>κατὰ</em></strong></span> <span class='ocrx_word' id='word_1_192' title='bbox 472 2968 585 3057; x_wconf 80' lang='grc' dir='ltr'><strong><em>στίχον</em></strong></span> <span class='ocrx_word' id='word_1_193' title='bbox 606 2987 637 3040; x_wconf 92' lang='lat' dir='ltr'>et</span> <span class='ocrx_word' id='word_1_194' title='bbox 656 2972 742 3041; x_wconf 81' lang='grc' dir='ltr'><strong><em>κατὰ</em></strong></span> <span class='ocrx_word' id='word_1_195' title='bbox 765 2973 914 3065; x_wconf 82' lang='grc' dir='ltr'><strong><em>σύστημα</em></strong></span> <span class='ocrx_word' id='word_1_196' title='bbox 936 2997 1026 3061; x_wconf 90' lang='lat' dir='ltr'>posse</span> <span class='ocrx_word' id='word_1_197' title='bbox 1042 2979 1160 3042; x_wconf 86' lang='lat' dir='ltr'>lactum</span> <span class='ocrx_word' id='word_1_198' title='bbox 1175 2998 1233 3042; x_wconf 87' lang='lat' dir='ltr'>esse</span> 
     </span>
     <span class='ocr_line' id='line_1_25' title="bbox 152 3083 1235 3163; baseline 0.001 -18"><span class='ocrx_word' id='word_1_199' title='bbox 152 3084 274 3163; x_wconf 88' lang='lat' dir='ltr'>scribit,</span> <span class='ocrx_word' id='word_1_200' title='bbox 301 3083 403 3162; x_wconf 91' lang='lat' dir='ltr'>prouti</span> <span class='ocrx_word' id='word_1_201' title='bbox 423 3083 493 3163; x_wconf 91' lang='lat' dir='ltr'>quis</span> <span class='ocrx_word' id='word_1_202' title='bbox 514 3099 588 3143; x_wconf 85' lang='lat' dir='ltr'>casu</span> <span class='ocrx_word' id='word_1_203' title='bbox 603 3092 658 3144; x_wconf 91' lang='lat' dir='ltr'>aut</span> <span class='ocrx_word' id='word_1_204' title='bbox 672 3083 797 3145; x_wconf 92' lang='lat' dir='ltr'>consilio</span> <span class='ocrx_word' id='word_1_205' title='bbox 812 3102 977 3145; x_wconf 91' lang='lat' dir='ltr'>numerum</span> <span class='ocrx_word' id='word_1_206' title='bbox 994 3101 1146 3145; x_wconf 82' lang='lat' dir='ltr'>versuum</span> <span class='ocrx_word' id='word_1_207' title='bbox 1161 3102 1235 3146; x_wconf 88' lang='lat' dir='ltr'>uus·</span> 
     </span>
    </p>
   </div>
   <div class='ocr_carea' id='block_1_6' title="bbox 34 3184 1235 3269">
    <p class='ocr_par' dir='ltr' id='par_1_6' title="bbox 34 3184 1235 3269">
     <span class='ocr_line' id='line_1_26' title="bbox 34 3184 1235 3269; baseline 0.002 -22"><span class='ocrx_word' id='word_1_208' title='bbox 34 3222 37 3227; x_wconf 94' lang='lat'><em>-</em></span> <span class='ocrx_word' id='word_1_209' title='bbox 152 3208 245 3269; x_wconf 86' lang='lat' dir='ltr'>quam</span> <span class='ocrx_word' id='word_1_210' title='bbox 262 3188 411 3266; x_wconf 90' lang='lat' dir='ltr'>imparem</span> <span class='ocrx_word' id='word_1_211' title='bbox 427 3187 556 3248; x_wconf 89' lang='lat' dir='ltr'>inveniri</span> <span class='ocrx_word' id='word_1_212' title='bbox 573 3184 694 3248; x_wconf 89' lang='lat' dir='ltr'>credat:</span> <span class='ocrx_word' id='word_1_213' title='bbox 721 3187 752 3246; x_wconf 92' lang='lat' dir='ltr'>in</span> <span class='ocrx_word' id='word_1_214' title='bbox 774 3189 908 3266; x_wconf 89' lang='lat' dir='ltr'>antiquis</span> <span class='ocrx_word' id='word_1_215' title='bbox 927 3186 1015 3247; x_wconf 89' lang='lat' dir='ltr'>libris</span> <span class='ocrx_word' id='word_1_216' title='bbox 1030 3197 1137 3248; x_wconf 89' lang='lat' dir='ltr'>autem</span> <span class='ocrx_word' id='word_1_217' title='bbox 1153 3187 1235 3249; x_wconf 89' lang='lat' dir='ltr'>binos</span> 
     </span>
    </p>
   </div>
   <div class='ocr_carea' id='block_1_7' title="bbox 152 3289 1236 3888">
    <p class='ocr_par' dir='ltr' id='par_1_7' title="bbox 152 3289 1236 3888">
     <span class='ocr_line' id='line_1_27' title="bbox 152 3289 1235 3371; baseline 0 -18"><span class='ocrx_word' id='word_1_218' title='bbox 152 3309 275 3371; x_wconf 89' lang='lat' dir='ltr'>semper</span> <span class='ocrx_word' id='word_1_219' title='bbox 304 3308 373 3350; x_wconf 89' lang='lat' dir='ltr'>osse</span> <span class='ocrx_word' id='word_1_220' title='bbox 403 3291 590 3352; x_wconf 85' lang='lat' dir='ltr'>coniunctos.</span> <span class='ocrx_word' id='word_1_221' title='bbox 640 3291 712 3351; x_wconf 89' lang='lat' dir='ltr'>Tale</span> <span class='ocrx_word' id='word_1_222' title='bbox 742 3301 805 3370; x_wconf 91' lang='lat' dir='ltr'>est,</span> <span class='ocrx_word' id='word_1_223' title='bbox 839 3289 922 3370; x_wconf 91' lang='lat' dir='ltr'>quod</span> <span class='ocrx_word' id='word_1_224' title='bbox 952 3292 1032 3351; x_wconf 83' lang='lat' dir='ltr'>inter</span> <span class='ocrx_word' id='word_1_225' title='bbox 1064 3290 1235 3353; x_wconf 86' lang='lat' dir='ltr'>Theocritea</span> 
     </span>
     <span class='ocr_line' id='line_1_28' title="bbox 152 3385 1236 3474; baseline -0.001 -18"><span class='ocrx_word' id='word_1_226' title='bbox 152 3395 320 3473; x_wconf 90' lang='lat' dir='ltr'>habemus,</span> <span class='ocrx_word' id='word_1_227' title='bbox 352 3394 459 3455; x_wconf 86' lang='lat' dir='ltr'>XXIX.</span> <span class='ocrx_word' id='word_1_228' title='bbox 500 3395 694 3474; x_wconf 85' lang='lat' dir='ltr'>Quamquam</span> <span class='ocrx_word' id='word_1_229' title='bbox 717 3395 802 3456; x_wconf 91' lang='lat' dir='ltr'>nulla</span> <span class='ocrx_word' id='word_1_230' title='bbox 827 3386 912 3455; x_wconf 82' lang='grc' dir='ltr'><strong><em>κατὰ</em></strong></span> <span class='ocrx_word' id='word_1_231' title='bbox 935 3385 1048 3472; x_wconf 79' lang='grc' dir='ltr'><strong><em>στίχον</em></strong></span> <span class='ocrx_word' id='word_1_232' title='bbox 1071 3394 1113 3456; x_wconf 87' lang='lat' dir='ltr'>ab</span> <span class='ocrx_word' id='word_1_233' title='bbox 1141 3395 1236 3474; x_wconf 74' lang='lat' dir='ltr'>lyricis</span> 
     </span>
     <span class='ocr_line' id='line_1_29' title="bbox 152 3496 1234 3578; baseline 0.003 -19"><span class='ocrx_word' id='word_1_234' title='bbox 152 3499 230 3559; x_wconf 85' lang='lat' dir='ltr'>laeta</span> <span class='ocrx_word' id='word_1_235' title='bbox 253 3515 321 3559; x_wconf 90' lang='lat' dir='ltr'>esse</span> <span class='ocrx_word' id='word_1_236' title='bbox 343 3499 476 3559; x_wconf 89' lang='lat' dir='ltr'>carmina</span> <span class='ocrx_word' id='word_1_237' title='bbox 493 3516 620 3578; x_wconf 92' lang='lat' dir='ltr'>prorsus</span> <span class='ocrx_word' id='word_1_238' title='bbox 642 3496 823 3558; x_wconf 87' lang='lat' dir='ltr'>incredibile</span> <span class='ocrx_word' id='word_1_239' title='bbox 842 3506 899 3558; x_wconf 89' lang='lat' dir='ltr'>est.</span> <span class='ocrx_word' id='word_1_240' title='bbox 934 3497 1117 3560; x_wconf 83' lang='lat' dir='ltr'>Cuiusmodi</span> <span class='ocrx_word' id='word_1_241' title='bbox 1133 3499 1234 3577; x_wconf 85' lang='lat' dir='ltr'>luisse,</span> 
     </span>
     <span class='ocr_line' id='line_1_30' title="bbox 153 3600 1236 3685; baseline 0 -22"><span class='ocrx_word' id='word_1_242' title='bbox 153 3622 233 3682; x_wconf 86' lang='lat' dir='ltr'>quae</span> <span class='ocrx_word' id='word_1_243' title='bbox 245 3601 417 3662; x_wconf 90' lang='lat' dir='ltr'>Phalaeoeis</span> <span class='ocrx_word' id='word_1_244' title='bbox 432 3600 699 3681; x_wconf 76' lang='lat' dir='ltr'>hendecasyllabis</span> <span class='ocrx_word' id='word_1_245' title='bbox 714 3601 821 3662; x_wconf 89' lang='lat' dir='ltr'>aliisve</span> <span class='ocrx_word' id='word_1_246' title='bbox 837 3600 989 3662; x_wconf 91' lang='lat' dir='ltr'>similibus</span> <span class='ocrx_word' id='word_1_247' title='bbox 1006 3602 1113 3664; x_wconf 91' lang='lat' dir='ltr'>metris</span> <span class='ocrx_word' id='word_1_248' title='bbox 1130 3605 1236 3685; x_wconf 85' lang='lat' dir='ltr'>scripta</span> 
     </span>
     <span class='ocr_line' id='line_1_31' title="bbox 153 3704 1234 3785; baseline 0.003 -20"><span class='ocrx_word' id='word_1_249' title='bbox 153 3714 240 3783; x_wconf 86' lang='lat' dir='ltr'>sunt,</span> <span class='ocrx_word' id='word_1_250' title='bbox 268 3704 315 3765; x_wconf 91' lang='lat' dir='ltr'>vel</span> <span class='ocrx_word' id='word_1_251' title='bbox 339 3707 514 3767; x_wconf 89' lang='lat' dir='ltr'>Latinorum</span> <span class='ocrx_word' id='word_1_252' title='bbox 534 3714 709 3785; x_wconf 84' lang='lat' dir='ltr'>poetarum,</span> <span class='ocrx_word' id='word_1_253' title='bbox 739 3714 774 3766; x_wconf 90' lang='lat' dir='ltr'>ut</span> <span class='ocrx_word' id='word_1_254' title='bbox 795 3704 922 3783; x_wconf 85' lang='lat' dir='ltr'>Catulli,</span> <span class='ocrx_word' id='word_1_255' title='bbox 952 3705 1094 3784; x_wconf 87' lang='lat' dir='ltr'>exempla</span> <span class='ocrx_word' id='word_1_256' title='bbox 1117 3705 1234 3768; x_wconf 88' lang='lat' dir='ltr'>docent.</span> 
     </span>
     <span class='ocr_line' id='line_1_32' title="bbox 153 3805 1234 3888; baseline 0.003 -19"><span class='ocrx_word' id='word_1_257' title='bbox 153 3811 220 3872; x_wconf 83' lang='lat' dir='ltr'>Fuit</span> <span class='ocrx_word' id='word_1_258' title='bbox 232 3810 359 3871; x_wconf 83' lang='lat' dir='ltr'>fortasse</span> <span class='ocrx_word' id='word_1_259' title='bbox 372 3828 410 3870; x_wconf 85' lang='lat' dir='ltr'>ex</span> <span class='ocrx_word' id='word_1_260' title='bbox 423 3828 458 3870; x_wconf 93' lang='lat' dir='ltr'>eo</span> <span class='ocrx_word' id='word_1_261' title='bbox 470 3827 581 3888; x_wconf 81' lang='lat' dir='ltr'>genere</span> <span class='ocrx_word' id='word_1_262' title='bbox 596 3805 683 3887; x_wconf 91' lang='lat' dir='ltr'>illud,</span> <span class='ocrx_word' id='word_1_263' title='bbox 704 3806 785 3887; x_wconf 89' lang='lat' dir='ltr'>quod</span> <span class='ocrx_word' id='word_1_264' title='bbox 802 3810 832 3868; x_wconf 91' lang='lat' dir='ltr'>in</span> <span class='ocrx_word' id='word_1_265' title='bbox 846 3808 1029 3870; x_wconf 84' lang='lat' dir='ltr'>Theocriteis</span> <span class='ocrx_word' id='word_1_266' title='bbox 1045 3817 1094 3870; x_wconf 88' lang='lat' dir='ltr'>est</span> <span class='ocrx_word' id='word_1_267' title='bbox 1106 3811 1234 3873; x_wconf 89' lang='lat' dir='ltr'>XXVlll.</span> 
     </span>
    </p>
   </div>
   <div class='ocr_carea' id='block_1_8' title="bbox 238 3932 1222 4032">
    <p class='ocr_par' dir='ltr' id='par_1_8' title="bbox 238 3932 1222 4032">
     <span class='ocr_line' id='line_1_33' title="bbox 238 3932 1222 4032; baseline 0.003 -23"><span class='ocrx_word' id='word_1_268' title='bbox 238 3944 393 4031; x_wconf 74' lang='grc' dir='ltr'><strong><em>γλαυκᾶς,</em></strong></span> <span class='ocrx_word' id='word_1_269' title='bbox 417 3933 444 4006; x_wconf 82' lang='grc' dir='ltr'><em>ὦ</em></span> <span class='ocrx_word' id='word_1_270' title='bbox 466 3936 614 4032; x_wconf 71' lang='grc' dir='ltr'><strong><em>φιλέριθ’</em></strong></span> <span class='ocrx_word' id='word_1_271' title='bbox 639 3935 802 4025; x_wconf 63' lang='lat' dir='ltr'>ellandeo,</span> <span class='ocrx_word' id='word_1_272' title='bbox 826 3943 934 4028; x_wconf 78' lang='grc' dir='ltr'><strong><em>δῶρον</em></strong></span> <span class='ocrx_word' id='word_1_273' title='bbox 955 3941 1141 4026; x_wconf 58' lang='lat' dir='ltr'>Acerdos,</span> <span class='ocrx_word' id='word_1_274' title='bbox 1218 3932 1222 3939; x_wconf 40' lang='lat'>¹</span> 
     </span>
    </p>
   </div>
   <div class='ocr_carea' id='block_1_9' title="bbox 151 4093 1241 4280">
    <p class='ocr_par' dir='ltr' id='par_1_9' title="bbox 151 4093 1241 4280">
     <span class='ocr_line' id='line_1_34' title="bbox 152 4093 1240 4176; baseline -0.002 -19"><span class='ocrx_word' id='word_1_275' title='bbox 152 4095 234 4176; x_wconf 85' lang='lat' dir='ltr'>quod</span> <span class='ocrx_word' id='word_1_276' title='bbox 257 4115 294 4156; x_wconf 85' lang='lat' dir='ltr'>ex</span> <span class='ocrx_word' id='word_1_277' title='bbox 317 4096 369 4154; x_wconf 66' lang='lat'>25.</span> <span class='ocrx_word' id='word_1_278' title='bbox 384 4093 531 4154; x_wconf 78' lang='lat' dir='ltr'>-versibus</span> <span class='ocrx_word' id='word_1_279' title='bbox 554 4104 688 4172; x_wconf 86' lang='lat' dir='ltr'>constat,</span> <span class='ocrx_word' id='word_1_280' title='bbox 716 4096 773 4155; x_wconf 85' lang='lat' dir='ltr'>nisi</span> <span class='ocrx_word' id='word_1_281' title='bbox 796 4095 872 4155; x_wconf 82' lang='lat' dir='ltr'>forte</span> <span class='ocrx_word' id='word_1_282' title='bbox 893 4093 924 4154; x_wconf 93' lang='lat' dir='ltr'>id</span> <span class='ocrx_word' id='word_1_283' title='bbox 946 4094 1094 4173; x_wconf 80' lang='lat' dir='ltr'>singulari</span> <span class='ocrx_word' id='word_1_284' title='bbox 1116 4096 1240 4157; x_wconf 84' lang='lat' dir='ltr'>artificio</span> 
     </span>
     <span class='ocr_line' id='line_1_35' title="bbox 151 4190 1241 4280; baseline -0.001 -20"><span class='ocrx_word' id='word_1_285' title='bbox 151 4190 378 4280; x_wconf 77' lang='grc' dir='ltr'><strong><em>παλινῳδικὸν</em></strong></span> <span class='ocrx_word' id='word_1_286' title='bbox 399 4207 455 4257; x_wconf 88' lang='lat' dir='ltr'>est.</span> <span class='ocrx_word' id='word_1_287' title='bbox 488 4197 565 4257; x_wconf 86' lang='lat' dir='ltr'>Nam</span> <span class='ocrx_word' id='word_1_288' title='bbox 582 4200 608 4259; x_wconf 90' lang='lat' dir='ltr'>si</span> <span class='ocrx_word' id='word_1_289' title='bbox 624 4199 844 4259; x_wconf 88' lang='lat' dir='ltr'>sententiarum</span> <span class='ocrx_word' id='word_1_290' title='bbox 861 4198 936 4257; x_wconf 90' lang='lat' dir='ltr'>ratio</span> <span class='ocrx_word' id='word_1_291' title='bbox 951 4206 1126 4277; x_wconf 87' lang='lat' dir='ltr'>spectatur,</span> <span class='ocrx_word' id='word_1_292' title='bbox 1154 4198 1241 4261; x_wconf 91' lang='lat' dir='ltr'>modo</span> 
     </span>
    </p>
   </div>
   <div class='ocr_carea' id='block_1_10' title="bbox 0 0 1407 4912">
    <p class='ocr_par' dir='ltr' id='par_1_10' title="bbox 0 0 1407 4912">
     <span class='ocr_line' id='line_1_36' title="bbox 0 0 1407 4912; baseline 0 0"><span class='ocrx_word' id='word_1_293' title='bbox 0 0 1407 4912; x_wconf 95' lang='lat' dir='ltr'> </span> 
     </span>
    </p>
   </div>
  </div>
 </body>
</html>
