2804 4912
272 299 309 340 ue
326 297 515 351 sraornauru
532 299 563 340 ru
580 298 694 340 nannai
712 300 761 341 sva
777 299 1010 342 ursrarnrrrorrr.
1125 280 1180 342 231

136 450 206 512 illm.
226 451 282 513 ult.
301 452 353 512 93.

188 579 393 668 ἀτόλματον·
420 578 492 650 dtt‘
516 582 547 651 d-

186 686 247 770 μοὶ
269 687 370 772 δεῖμα
389 686 450 772 μὲν
468 684 723 775 παροιχόμενον.

186 929 302 1013 §iffi
330 936 487 996 Praeterea
508 933 678 996 videndum
701 943 766 1012 est,
791 944 827 996 ut
849 953 973 1015 quoque
996 937 1027 995 in
1050 935 1130 1013 loeo,
1161 939 1186 997 si

136 1058 178 1101 us
194 1047 243 1100 est
257 1037 356 1100 diviso
371 1037 538 1117 vocabulo,
564 1058 599 1100 ea
615 1037 724 1099 divisio
739 1037 941 1116 adhibeatur,
964 1056 1044 1118 quae
1059 1039 1187 1119 elegan-

137 1143 219 1202 sima
234 1150 297 1220 ost,
324 1143 544 1222 minimamque
566 1142 763 1203 offensionem
780 1140 882 1202 habet.
916 1143 982 1213 Qua
1003 1143 1035 1204 in
1051 1162 1083 1204 re
1100 1143 1185 1204 mul-

136 1264 167 1306 m
183 1243 294 1325 reiert,
320 1244 525 1324 considerare,
544 1264 638 1324 quam
654 1253 736 1306 arete
751 1263 829 1305 nexa
847 1246 911 1307 sint
925 1245 1077 1308 membra.
1110 1248 1187 1308 Nam

136 1351 179 1410 ita
191 1356 266 1410 sunt
276 1350 447 1428 coniuncta,
464 1358 498 1410 ut
510 1349 629 1429 singula
643 1356 724 1408 reete
740 1367 838 1409 unum
850 1366 975 1411 versum
988 1351 1185 1429 constituam,

137 1472 167 1512 e.
188 1460 233 1531 ut,
253 1454 395 1532 quamvis
411 1453 593 1515 cohaereant
607 1470 678 1513 eum
694 1450 752 1512 alio
768 1451 924 1531 membro,
951 1461 1054 1514 tamen
1077 1473 1132 1535 per
1154 1473 1188 1515 so

136 1556 280 1617 *solutum
292 1554 448 1635 quoddam
460 1575 495 1616 ae
511 1565 608 1619 totum
621 1555 800 1635 praebeam,
820 1555 916 1618 multo
933 1557 1032 1619 minor
1043 1576 1187 1620 concessa

136 1667 147 1721 t
170 1657 312 1738 libertae,
339 1678 546 1738 quamquam
569 1660 681 1722 arctius
697 1678 794 1738 nexa,
821 1678 882 1720 non
904 1659 967 1721 sola
983 1679 1039 1739 per
1054 1680 1104 1739 se,
1131 1660 1187 1722 sed
1240 1690 1244 1699 ·

136 1764 313 1824 niunetione
337 1781 392 1824 sua
418 1781 488 1824 cum
512 1764 579 1825 aliis
603 1771 701 1825 totum
724 1762 848 1842 aliquod
864 1762 1009 1825 efficiunt.
1045 1765 1082 1825 Vt
1098 1762 1182 1842 illud,

136 1866 186 1928 rod
203 1866 292 1928 modo
308 1886 347 1929 ex
363 1865 448 1929 Pind.
467 1867 515 1928 Ol.
538 1868 565 1926 l.
586 1865 809 1928 afferebamus:

188 1997 248 2065 ἅτε
270 1998 455 2086 διαπρέπει
477 1998 583 2067 νο-κτὶ
604 1997 787 2088 μεγάνορος
809 1995 907 2082 ἔξοχα
929 1997 1087 2083 πλούτου,

136 2143 173 2204 ria
191 2143 266 2203 haee
280 2162 379 2205 unum
396 2161 520 2205 versum
536 2142 662 2221 faciunt,
680 2142 821 2206 idoneam
836 2144 1065 2205 exeusationem
1081 2143 1184 2221 habet,

136 2266 162 2308 ra
178 2257 311 2327 careret,
331 2248 356 2308 si
374 2245 436 2308 duo
451 2247 553 2326 potius
569 2265 678 2309 versus
695 2255 815 2310 essent:
1135 2263 1136 2266 ¹

188 2365 357 2413 υυυέυ..
371 2365 375 2450 ρ
388 2365 642 2428 ναίω-ω.-.

136 2470 176 2532 ile
192 2488 265 2530 vero
281 2471 419 2532 membra
435 2473 479 2532 sie
488 2468 772 2551 distinguerentur:

188 2589 334 2638 υυυέυ.
348 2589 353 2676 q
366 2589 631 2638 mmm..

136 2714 162 2755 tn
178 2695 277 2756 solum
294 2696 366 2775 quia
382 2697 535 2775 proportio
558 2696 633 2756 haee
656 2695 865 2781 membrorum
882 2714 991 2776 parum
1008 2706 1079 2778 apta
1094 2697 1182 2776 leret,

135 2797 157 2859 d
173 2799 265 2858 etiam
281 2801 352 2878 quia
368 2799 533 2879 pleraeque
556 2798 699 2879 strophae
714 2800 746 2858 in
762 2800 890 2876 septima
911 2799 1031 2878 syllaba
1049 2799 1187 2862 voeabu-

136 2920 166 2961 m
184 2901 303 2962 linitum
319 2901 444 2963 habent.
478 2901 623 2964 Similiter
639 2903 671 2962 in
687 2902 737 2963 illo
753 2901 839 2978 Pyth.
860 2902 932 2964 Vlll.

189 3032 225 3100 ἐκ
248 3034 401 3122 πατέρων
423 3033 523 3102 παισὶ
546 3036 653 3124 λῆμα·
677 3033 828 3118 θαέομαι
851 3034 967 3124 σαφές,

138 3178 288 3257 mparatio
304 3176 513 3238 membrorum
528 3197 589 3239 nou
605 3186 676 3260 apta
691 3176 784 3255 leret,
812 3179 838 3240 si
860 3178 936 3239 haee
951 3177 1089 3241 membra
1109 3164 1202 3239 oon-⁴

136 3281 313 3342 ituereutur:

188 3399 284 3447 Lw.
298 3398 301 3484 l
315 3395 555 3448 ,ίῦέυέυυ-υ..

136 3525 196 3566 rmo
213 3506 474 3586 interpunctiones
489 3507 521 3565 in
533 3509 642 3568 ceteris
653 3506 786 3589 strophis
801 3507 852 3586 ita,
872 3506 1023 3585 uti‘supra
1036 3505 1182 3588 diximus,

136 3608 356 3689 stingueudum
373 3628 441 3670 esse
456 3608 582 3672 docent:
606 3598 619 3629 '

189 3729 309 3776 έυυ..-
325 3726 565 3813 ρῦζυέυυω-.

136 3837 163 3895 bi
184 3844 325 3916 apertum
349 3844 411 3913 est,
446 3835 661 3919 elegantiorem
684 3854 753 3896 esse
774 3835 956 3898 divisionem
977 3836 1135 3916 vocabuli,
1162 3839 1188 3898 si

136 3933 222 4016 atei,
247 3940 387 4019 quamsi
414 3931 532 4000 παισὶν
561 3937 722 4001 scribatur.
755 3939 844 4000 Nullo
874 3939 963 4002 modo
990 3949 1094 4002 autem
1116 3940 1187 4001 ferri

136 4053 203 4104 »test
220 4042 295 4103 illud
311 4042 415 4102 lsthrn,
436 4042 491 4104 ult.

191 4171 394 4259 ἀτόλματον·
418 4170 490 4242 ἀλλ’
514 4173 609 4259 ε’-μοὶ
631 4176 731 4259 δεῖμα
752 4173 814 4259 μὲν
835 4175 1088 4266 παροιχόμενον.
