<?xml version="1.0" encoding="UTF-8"?>
<!DOCTYPE html PUBLIC "-//W3C//DTD XHTML 1.0 Transitional//EN"
    "http://www.w3.org/TR/xhtml1/DTD/xhtml1-transitional.dtd">
<html xmlns="http://www.w3.org/1999/xhtml" xml:lang="en" lang="en">
 <head>
  <title>
</title>
<meta http-equiv="Content-Type" content="text/html;charset=utf-8" />
  <meta name='ocr-system' content='tesseract 3.04.00' />
  <meta name='ocr-capabilities' content='ocr_page ocr_carea ocr_par ocr_line ocrx_word'/>
</head>
<body>
  <div class='ocr_page' id='page_1' title='image "./godofrediherman00hermgoog/godofrediherman00hermgoog_0155.png"; bbox 0 0 2804 4912; ppageno 0'>
   <div class='ocr_carea' id='block_1_1' title="bbox 163 295 898 357">
    <p class='ocr_par' dir='ltr' id='par_1_1' title="bbox 163 295 898 357">
     <span class='ocr_line' id='line_1_1' title="bbox 163 295 898 357; baseline -0.01 0"><span class='ocrx_word' id='word_1_1' title='bbox 163 295 225 357; x_wconf 73' lang='lat'><strong>1532</strong></span> <span class='ocrx_word' id='word_1_2' title='bbox 546 310 603 353; x_wconf 83' lang='lat' dir='ltr'><strong>ms.</strong></span> <span class='ocrx_word' id='word_1_3' title='bbox 623 309 656 352; x_wconf 83' lang='grc' dir='ltr'><strong>ιι.</strong></span> <span class='ocrx_word' id='word_1_4' title='bbox 690 308 753 352; x_wconf 73' lang='lat' dir='ltr'><strong>cnr.</strong></span> <span class='ocrx_word' id='word_1_5' title='bbox 772 308 848 352; x_wconf 83' lang='lat' dir='ltr'><strong>xxxi.</strong></span> <span class='ocrx_word' id='word_1_6' title='bbox 894 314 898 319; x_wconf 96' lang='lat'>·</span> 
     </span>
    </p>
   </div>
   <div class='ocr_carea' id='block_1_2' title="bbox 160 460 1244 993">
    <p class='ocr_par' dir='ltr' id='par_1_2' title="bbox 160 460 1244 649">
     <span class='ocr_line' id='line_1_2' title="bbox 246 460 1244 545; baseline -0.001 -16"><span class='ocrx_word' id='word_1_7' title='bbox 246 460 367 545; x_wconf 60' lang='lat' dir='ltr'><strong>taor.</strong></span> <span class='ocrx_word' id='word_1_8' title='bbox 409 465 574 527; x_wconf 82' lang='lat' dir='ltr'><strong>Rarissime</strong></span> <span class='ocrx_word' id='word_1_9' title='bbox 596 462 782 527; x_wconf 77' lang='lat' dir='ltr'><strong>rotabulum</strong></span> <span class='ocrx_word' id='word_1_10' title='bbox 806 463 911 525; x_wconf 80' lang='lat' dir='ltr'><strong>etiam·</strong></span> <span class='ocrx_word' id='word_1_11' title='bbox 924 464 1009 527; x_wconf 65' lang='lat' dir='ltr'><strong>ulus</strong></span> <span class='ocrx_word' id='word_1_12' title='bbox 1035 480 1169 527; x_wconf 80' lang='lat' dir='ltr'><strong>versum</strong></span> <span class='ocrx_word' id='word_1_13' title='bbox 1190 480 1244 527; x_wconf 82' lang='lat' dir='ltr'><strong>unt</strong></span> 
     </span>
     <span class='ocr_line' id='line_1_3' title="bbox 160 564 984 649; baseline 0.004 -22"><span class='ocrx_word' id='word_1_14' title='bbox 160 566 246 629; x_wconf 89' lang='lat' dir='ltr'><strong>brevi</strong></span> <span class='ocrx_word' id='word_1_15' title='bbox 261 567 380 646; x_wconf 80' lang='lat' dir='ltr'>syllaba</span> <span class='ocrx_word' id='word_1_16' title='bbox 395 565 597 649; x_wconf 76' lang='lat' dir='ltr'><strong>protenditur.</strong></span> <span class='ocrx_word' id='word_1_17' title='bbox 624 564 779 647; x_wconf 82' lang='lat' dir='ltr'><strong>Aristoph.</strong></span> <span class='ocrx_word' id='word_1_18' title='bbox 797 566 889 647; x_wconf 86' lang='lat' dir='ltr'><strong>Vesp.</strong></span> <span class='ocrx_word' id='word_1_19' title='bbox 911 564 984 631; x_wconf 71' lang='lat'><strong>750.</strong></span> 
     </span>
    </p>

    <p class='ocr_par' dir='ltr' id='par_1_3' title="bbox 248 676 825 774">
     <span class='ocr_line' id='line_1_4' title="bbox 248 676 825 774; baseline 0.002 -28"><span class='ocrx_word' id='word_1_20' title='bbox 248 677 288 747; x_wconf 78' lang='grc' dir='ltr'><strong>ἵν’</strong></span> <span class='ocrx_word' id='word_1_21' title='bbox 312 679 330 747; x_wconf 79' lang='grc' dir='ltr'><strong>ὁ</strong></span> <span class='ocrx_word' id='word_1_22' title='bbox 353 679 462 772; x_wconf 82' lang='grc' dir='ltr'><strong><em>κήρυξ,</em></strong></span> <span class='ocrx_word' id='word_1_23' title='bbox 487 679 591 774; x_wconf 79' lang='grc' dir='ltr'><strong><em>φησί·</em></strong></span> <span class='ocrx_word' id='word_1_24' title='bbox 617 677 670 761; x_wconf 74' lang='grc' dir='ltr'><strong>τίς</strong></span> <span class='ocrx_word' id='word_1_25' title='bbox 691 676 825 772; x_wconf 75' lang='grc' dir='ltr'><strong><em>ἀψήφι-</em></strong></span> 
     </span>
    </p>

    <p class='ocr_par' dir='ltr' id='par_1_4' title="bbox 161 782 1242 993">
     <span class='ocr_line' id='line_1_5' title="bbox 246 782 568 868; baseline 0.006 -17"><span class='ocrx_word' id='word_1_26' title='bbox 246 807 342 868; x_wconf 86' lang='grc' dir='ltr'><strong><em>στος,·</em></strong></span> <span class='ocrx_word' id='word_1_27' title='bbox 364 782 568 854; x_wconf 74' lang='grc' dir='ltr'><strong><em>άνιστάσθω.</em></strong></span> 
     </span>
     <span class='ocr_line' id='line_1_6' title="bbox 161 910 1242 993; baseline 0.004 -22"><span class='ocrx_word' id='word_1_28' title='bbox 161 912 214 971; x_wconf 84' lang='grc' dir='ltr'><strong>Ηίο</strong></span> <span class='ocrx_word' id='word_1_29' title='bbox 228 912 329 991; x_wconf 86' lang='lat' dir='ltr'><strong>enim,</strong></span> <span class='ocrx_word' id='word_1_30' title='bbox 356 914 381 973; x_wconf 93' lang='lat' dir='ltr'><strong>si</strong></span> <span class='ocrx_word' id='word_1_31' title='bbox 397 913 529 993; x_wconf 80' lang='lat' dir='ltr'>priorem</span> <span class='ocrx_word' id='word_1_32' title='bbox 544 929 670 973; x_wconf 90' lang='lat' dir='ltr'><strong>versum</strong></span> <span class='ocrx_word' id='word_1_33' title='bbox 686 918 909 972; x_wconf 87' lang='lat' dir='ltr'><strong>monometrum</strong></span> <span class='ocrx_word' id='word_1_34' title='bbox 933 911 1043 991; x_wconf 75' lang='lat' dir='ltr'><strong>latias,</strong></span> <span class='ocrx_word' id='word_1_35' title='bbox 1071 912 1106 972; x_wconf 90' lang='lat' dir='ltr'><strong>in</strong></span> <span class='ocrx_word' id='word_1_36' title='bbox 1128 910 1242 975; x_wconf 82' lang='lat' dir='ltr'><strong>hooillt</strong></span> 
     </span>
    </p>
   </div>
   <div class='ocr_carea' id='block_1_3' title="bbox 159 1013 1242 1095">
    <p class='ocr_par' dir='ltr' id='par_1_5' title="bbox 159 1013 1242 1095">
     <span class='ocr_line' id='line_1_7' title="bbox 159 1013 1242 1095; baseline 0.001 -19"><span class='ocrx_word' id='word_1_37' title='bbox 159 1013 302 1076; x_wconf 78' lang='lat' dir='ltr'><strong>vocabuli</strong></span> <span class='ocrx_word' id='word_1_38' title='bbox 329 1014 436 1076; x_wconf 88' lang='lat' dir='ltr'><strong>divisio</strong></span> <span class='ocrx_word' id='word_1_39' title='bbox 460 1013 648 1076; x_wconf 83' lang='lat' dir='ltr'><strong>admittenda</strong></span> <span class='ocrx_word' id='word_1_40' title='bbox 670 1014 736 1075; x_wconf 88' lang='lat' dir='ltr'><strong>erit.</strong></span> <span class='ocrx_word' id='word_1_41' title='bbox 776 1015 977 1094; x_wconf 83' lang='lat' dir='ltr'><strong>Plerumque,</strong></span> <span class='ocrx_word' id='word_1_42' title='bbox 1008 1014 1242 1095; x_wconf 76' lang='lat' dir='ltr'><strong>apud‘tragioss</strong></span> 
     </span>
    </p>
   </div>
   <div class='ocr_carea' id='block_1_4' title="bbox 158 1116 1241 1302">
    <p class='ocr_par' dir='ltr' id='par_1_6' title="bbox 158 1116 1241 1302">
     <span class='ocr_line' id='line_1_8' title="bbox 159 1116 1241 1199; baseline 0.003 -21"><span class='ocrx_word' id='word_1_43' title='bbox 159 1118 369 1199; x_wconf 84' lang='lat' dir='ltr'><strong>potissimum,</strong></span> <span class='ocrx_word' id='word_1_44' title='bbox 395 1126 584 1180; x_wconf 91' lang='lat' dir='ltr'><strong>monometro</strong></span> <span class='ocrx_word' id='word_1_45' title='bbox 606 1116 819 1180; x_wconf 84' lang='lat' dir='ltr'><strong>constituendo</strong></span> <span class='ocrx_word' id='word_1_46' title='bbox 833 1119 948 1180; x_wconf 86' lang='lat' dir='ltr'><strong>vitatur</strong></span> <span class='ocrx_word' id='word_1_47' title='bbox 965 1118 1042 1180; x_wconf 84' lang='lat' dir='ltr'><strong>haec</strong></span> <span class='ocrx_word' id='word_1_48' title='bbox 1057 1116 1189 1198; x_wconf 79' lang='lat' dir='ltr'><strong>divisio,</strong></span> <span class='ocrx_word' id='word_1_49' title='bbox 1212 1126 1241 1181; x_wconf 85' lang='lat' dir='ltr'><strong>nt</strong></span> 
     </span>
     <span class='ocr_line' id='line_1_9' title="bbox 158 1217 427 1302; baseline -0.004 -21"><span class='ocrx_word' id='word_1_50' title='bbox 158 1220 191 1281; x_wconf 93' lang='lat' dir='ltr'><strong>in</strong></span> <span class='ocrx_word' id='word_1_51' title='bbox 206 1217 312 1302; x_wconf 83' lang='lat' dir='ltr'><strong>Agam.</strong></span> <span class='ocrx_word' id='word_1_52' title='bbox 333 1222 427 1282; x_wconf 85' lang='lat' dir='ltr'><strong>l56l.</strong></span> 
     </span>
    </p>
   </div>
   <div class='ocr_carea' id='block_1_5' title="bbox 158 1328 1235 1753">
    <p class='ocr_par' dir='ltr' id='par_1_7' title="bbox 158 1328 1235 1753">
     <span class='ocr_line' id='line_1_10' title="bbox 246 1328 789 1426; baseline -0.002 -24"><span class='ocrx_word' id='word_1_53' title='bbox 246 1330 317 1402; x_wconf 79' lang='grc' dir='ltr'><strong>ἀλλ’</strong></span> <span class='ocrx_word' id='word_1_54' title='bbox 338 1329 515 1426; x_wconf 75' lang='grc' dir='ltr'><strong><em>Ἰφιγένειά</em></strong></span> <span class='ocrx_word' id='word_1_55' title='bbox 536 1359 587 1401; x_wconf 89' lang='grc' dir='ltr'><strong>νιν</strong></span> <span class='ocrx_word' id='word_1_56' title='bbox 609 1328 789 1414; x_wconf 75' lang='grc' dir='ltr'><strong><em>ἀσπασίως</em></strong></span> 
     </span>
     <span class='ocr_line' id='line_1_11' title="bbox 244 1434 567 1528; baseline 0.009 -3"><span class='ocrx_word' id='word_1_57' title='bbox 244 1435 405 1526; x_wconf 66' lang='lat' dir='ltr'><strong>³¹27de,</strong></span> <span class='ocrx_word' id='word_1_58' title='bbox 430 1434 476 1517; x_wconf 72' lang='grc' dir='ltr'><strong>ὡς</strong></span> <span class='ocrx_word' id='word_1_59' title='bbox 496 1434 567 1528; x_wconf 78' lang='lat' dir='ltr'><strong>ot</strong></span> 
     </span>
     <span class='ocr_line' id='line_1_12' title="bbox 245 1536 886 1631; baseline 0.005 -25"><span class='ocrx_word' id='word_1_60' title='bbox 245 1536 362 1628; x_wconf 80' lang='grc' dir='ltr'><strong><em>πατέρ’</em></strong></span> <span class='ocrx_word' id='word_1_61' title='bbox 385 1536 572 1609; x_wconf 74' lang='grc' dir='ltr'><strong><em>ἀντιάσασα</em></strong></span> <span class='ocrx_word' id='word_1_62' title='bbox 595 1539 681 1630; x_wconf 83' lang='grc' dir='ltr'><strong><em>πρὸς</em></strong></span> <span class='ocrx_word' id='word_1_63' title='bbox 703 1536 886 1631; x_wconf 79' lang='grc' dir='ltr'><strong><em>ὠκύπορον.</em></strong></span> 
     </span>
     <span class='ocr_line' id='line_1_13' title="bbox 158 1665 1235 1753; baseline 0.005 -25"><span class='ocrx_word' id='word_1_64' title='bbox 158 1665 259 1746; x_wconf 78' lang='lat' dir='ltr'><strong>Atque</strong></span> <span class='ocrx_word' id='word_1_65' title='bbox 274 1665 401 1747; x_wconf 86' lang='lat' dir='ltr'><strong>ubique,</strong></span> <span class='ocrx_word' id='word_1_66' title='bbox 417 1669 442 1728; x_wconf 91' lang='lat' dir='ltr'><strong>si</strong></span> <span class='ocrx_word' id='word_1_67' title='bbox 458 1668 673 1748; x_wconf 85' lang='lat' dir='ltr'><strong>antistrophioa</strong></span> <span class='ocrx_word' id='word_1_68' title='bbox 689 1669 825 1730; x_wconf 82' lang='lat' dir='ltr'><strong>earmina</strong></span> <span class='ocrx_word' id='word_1_69' title='bbox 841 1675 924 1747; x_wconf 90' lang='lat' dir='ltr'><strong>sunt,</strong></span> <span class='ocrx_word' id='word_1_70' title='bbox 943 1669 1036 1730; x_wconf 89' lang='lat' dir='ltr'><strong>etiam</strong></span> <span class='ocrx_word' id='word_1_71' title='bbox 1052 1670 1235 1753; x_wconf 73' lang='lat' dir='ltr'><strong>antistropha</strong></span> 
     </span>
    </p>
   </div>
   <div class='ocr_carea' id='block_1_6' title="bbox 158 1768 1235 1955">
    <p class='ocr_par' dir='ltr' id='par_1_8' title="bbox 158 1768 1235 1955">
     <span class='ocr_line' id='line_1_14' title="bbox 158 1768 1235 1852; baseline 0.004 -19"><span class='ocrx_word' id='word_1_72' title='bbox 158 1771 211 1833; x_wconf 89' lang='lat' dir='ltr'><strong>tali</strong></span> <span class='ocrx_word' id='word_1_73' title='bbox 234 1768 419 1833; x_wconf 80' lang='lat' dir='ltr'><strong>distinctioni</strong></span> <span class='ocrx_word' id='word_1_74' title='bbox 441 1771 540 1850; x_wconf 83' lang='lat' dir='ltr'><strong>lavet,</strong></span> <span class='ocrx_word' id='word_1_75' title='bbox 571 1789 650 1851; x_wconf 88' lang='lat' dir='ltr'><strong>quae</strong></span> <span class='ocrx_word' id='word_1_76' title='bbox 672 1790 780 1851; x_wconf 84' lang='lat' dir='ltr'>saepe,</span> <span class='ocrx_word' id='word_1_77' title='bbox 810 1790 906 1834; x_wconf 88' lang='lat' dir='ltr'><strong>sensu</strong></span> <span class='ocrx_word' id='word_1_78' title='bbox 928 1772 1107 1852; x_wconf 79' lang='lat' dir='ltr'><strong>postulante</strong></span> <span class='ocrx_word' id='word_1_79' title='bbox 1131 1775 1173 1837; x_wconf 89' lang='lat' dir='ltr'><strong>ita</strong></span> <span class='ocrx_word' id='word_1_80' title='bbox 1193 1774 1235 1837; x_wconf 80' lang='lat' dir='ltr'><strong>lo-</strong></span> 
     </span>
     <span class='ocr_line' id='line_1_15' title="bbox 158 1871 1233 1955; baseline 0.005 -20"><span class='ocrx_word' id='word_1_81' title='bbox 158 1871 265 1935; x_wconf 85' lang='lat' dir='ltr'><strong>oienda</strong></span> <span class='ocrx_word' id='word_1_82' title='bbox 288 1882 350 1953; x_wconf 92' lang='lat' dir='ltr'><strong>est,</strong></span> <span class='ocrx_word' id='word_1_83' title='bbox 376 1882 412 1937; x_wconf 91' lang='lat' dir='ltr'><strong>ut</strong></span> <span class='ocrx_word' id='word_1_84' title='bbox 426 1874 531 1954; x_wconf 88' lang='lat' dir='ltr'><strong>plures</strong></span> <span class='ocrx_word' id='word_1_85' title='bbox 547 1876 726 1936; x_wconf 87' lang='lat' dir='ltr'><strong>monometri</strong></span> <span class='ocrx_word' id='word_1_86' title='bbox 749 1893 811 1937; x_wconf 93' lang='lat' dir='ltr'><strong>uno</strong></span> <span class='ocrx_word' id='word_1_87' title='bbox 830 1875 862 1937; x_wconf 90' lang='lat' dir='ltr'><strong>in</strong></span> <span class='ocrx_word' id='word_1_88' title='bbox 878 1883 1045 1955; x_wconf 85' lang='lat' dir='ltr'><strong>systemate</strong></span> <span class='ocrx_word' id='word_1_89' title='bbox 1061 1877 1136 1939; x_wconf 90' lang='lat' dir='ltr'><strong>sint.</strong></span> <span class='ocrx_word' id='word_1_90' title='bbox 1171 1876 1233 1941; x_wconf 81' lang='lat' dir='ltr'><strong>Vide</strong></span> 
     </span>
    </p>
   </div>
   <div class='ocr_carea' id='block_1_7' title="bbox 157 1974 525 2058">
    <p class='ocr_par' dir='ltr' id='par_1_9' title="bbox 157 1974 525 2058">
     <span class='ocr_line' id='line_1_16' title="bbox 157 1974 525 2058; baseline 0.003 -20"><span class='ocrx_word' id='word_1_91' title='bbox 157 1974 310 2058; x_wconf 75' lang='lat' dir='ltr'><strong>nnstopn.</strong></span> <span class='ocrx_word' id='word_1_92' title='bbox 329 1977 410 2039; x_wconf 77' lang='lat' dir='ltr'><strong>Nub.</strong></span> <span class='ocrx_word' id='word_1_93' title='bbox 432 1978 525 2039; x_wconf 77' lang='grc' dir='ltr'><strong><em>νοω.</em></strong></span> 
     </span>
    </p>
   </div>
   <div class='ocr_carea' id='block_1_8' title="bbox 243 2231 1229 2319">
    <p class='ocr_par' dir='ltr' id='par_1_10' title="bbox 243 2231 1229 2319">
     <span class='ocr_line' id='line_1_17' title="bbox 243 2231 1229 2319; baseline 0.003 -19"><span class='ocrx_word' id='word_1_94' title='bbox 243 2231 359 2316; x_wconf 59' lang='lat'><strong>5368.</strong></span> <span class='ocrx_word' id='word_1_95' title='bbox 392 2234 681 2299; x_wconf 82' lang='lat' dir='ltr'><strong>Proooleusmatious</strong></span> <span class='ocrx_word' id='word_1_96' title='bbox 704 2237 789 2316; x_wconf 89' lang='lat' dir='ltr'><strong>apud</strong></span> <span class='ocrx_word' id='word_1_97' title='bbox 811 2239 939 2319; x_wconf 78' lang='lat' dir='ltr'><strong>tragicos</strong></span> <span class='ocrx_word' id='word_1_98' title='bbox 956 2256 1017 2299; x_wconf 89' lang='lat' dir='ltr'><strong>non</strong></span> <span class='ocrx_word' id='word_1_99' title='bbox 1033 2240 1229 2305; x_wconf 86' lang='lat' dir='ltr'><strong>inveniturin</strong></span> 
     </span>
    </p>
   </div>
   <div class='ocr_carea' id='block_1_9' title="bbox 156 2338 1225 2521">
    <p class='ocr_par' dir='ltr' id='par_1_11' title="bbox 156 2338 1225 2521">
     <span class='ocr_line' id='line_1_18' title="bbox 157 2338 1225 2423; baseline 0.01 -25"><span class='ocrx_word' id='word_1_100' title='bbox 157 2338 297 2419; x_wconf 77' lang='lat' dir='ltr'><strong>legitimis</strong></span> <span class='ocrx_word' id='word_1_101' title='bbox 319 2340 494 2418; x_wconf 78' lang='lat' dir='ltr'><strong>systematis</strong></span> <span class='ocrx_word' id='word_1_102' title='bbox 517 2357 572 2419; x_wconf 90' lang='lat' dir='ltr'><strong>pro</strong></span> <span class='ocrx_word' id='word_1_103' title='bbox 595 2349 769 2423; x_wconf 88' lang='lat' dir='ltr'><strong>anapaesto.</strong></span> <span class='ocrx_word' id='word_1_104' title='bbox 804 2343 969 2405; x_wconf 86' lang='lat' dir='ltr'><strong>Rarissime</strong></span> <span class='ocrx_word' id='word_1_105' title='bbox 989 2342 1077 2423; x_wconf 92' lang='lat' dir='ltr'><strong>apud</strong></span> <span class='ocrx_word' id='word_1_106' title='bbox 1099 2346 1225 2409; x_wconf 73' lang='lat' dir='ltr'><strong>eomim</strong></span> 
     </span>
     <span class='ocr_line' id='line_1_19' title="bbox 156 2437 503 2521; baseline 0.006 -19"><span class='ocrx_word' id='word_1_107' title='bbox 156 2437 309 2521; x_wconf 79' lang='lat' dir='ltr'><strong>Aristoph.</strong></span> <span class='ocrx_word' id='word_1_108' title='bbox 331 2441 410 2504; x_wconf 90' lang='lat' dir='ltr'><strong>Nub.</strong></span> <span class='ocrx_word' id='word_1_109' title='bbox 431 2443 503 2504; x_wconf 88' lang='grc'><strong>946.</strong></span> 
     </span>
    </p>
   </div>
   <div class='ocr_carea' id='block_1_10' title="bbox 243 2554 577 2649">
    <p class='ocr_par' dir='ltr' id='par_1_12' title="bbox 243 2554 577 2649">
     <span class='ocr_line' id='line_1_20' title="bbox 243 2554 577 2649; baseline 0.006 -25"><span class='ocrx_word' id='word_1_110' title='bbox 243 2554 301 2624; x_wconf 78' lang='grc' dir='ltr'><strong>διὰ</strong></span> <span class='ocrx_word' id='word_1_111' title='bbox 324 2555 362 2626; x_wconf 80' lang='grc' dir='ltr'><strong>σὲ</strong></span> <span class='ocrx_word' id='word_1_112' title='bbox 384 2554 423 2625; x_wconf 78' lang='grc' dir='ltr'><strong>δὲ</strong></span> <span class='ocrx_word' id='word_1_113' title='bbox 444 2561 577 2649; x_wconf 80' lang='grc' dir='ltr'><strong><em>φοιτᾶν.</em></strong></span> 
     </span>
    </p>
   </div>
   <div class='ocr_carea' id='block_1_11' title="bbox 154 2817 1231 3110">
    <p class='ocr_par' dir='ltr' id='par_1_13' title="bbox 154 2817 1231 3110">
     <span class='ocr_line' id='line_1_21' title="bbox 240 2817 1231 2911; baseline 0.002 -24"><span class='ocrx_word' id='word_1_114' title='bbox 240 2817 355 2903; x_wconf 56' lang='grc'><strong>9369.</strong></span> <span class='ocrx_word' id='word_1_115' title='bbox 390 2819 598 2902; x_wconf 82' lang='lat' dir='ltr'><strong>Anapaestum</strong></span> <span class='ocrx_word' id='word_1_116' title='bbox 617 2824 648 2885; x_wconf 93' lang='lat' dir='ltr'><strong>in</strong></span> <span class='ocrx_word' id='word_1_117' title='bbox 665 2823 807 2904; x_wconf 77' lang='lat' dir='ltr'><strong>legitimis</strong></span> <span class='ocrx_word' id='word_1_118' title='bbox 823 2825 998 2903; x_wconf 82' lang='lat' dir='ltr'><strong>systematis</strong></span> <span class='ocrx_word' id='word_1_119' title='bbox 1013 2826 1101 2905; x_wconf 81' lang='lat' dir='ltr'><strong>apud</strong></span> <span class='ocrx_word' id='word_1_120' title='bbox 1115 2829 1231 2911; x_wconf 73' lang='lat' dir='ltr'><strong>tragicos</strong></span> 
     </span>
     <span class='ocr_line' id='line_1_22' title="bbox 155 2924 1230 3008; baseline 0.002 -19"><span class='ocrx_word' id='word_1_121' title='bbox 155 2944 216 2989; x_wconf 89' lang='lat' dir='ltr'><strong>uon</strong></span> <span class='ocrx_word' id='word_1_122' title='bbox 231 2924 385 2989; x_wconf 82' lang='lat' dir='ltr'><strong>antecedit</strong></span> <span class='ocrx_word' id='word_1_123' title='bbox 399 2925 540 3008; x_wconf 84' lang='lat' dir='ltr'><strong>dactylus</strong></span> <span class='ocrx_word' id='word_1_124' title='bbox 562 2927 593 2987; x_wconf 91' lang='lat' dir='ltr'><strong>in</strong></span> <span class='ocrx_word' id='word_1_125' title='bbox 615 2925 724 2988; x_wconf 88' lang='lat' dir='ltr'><strong>eadem</strong></span> <span class='ocrx_word' id='word_1_126' title='bbox 739 2925 881 3007; x_wconf 90' lang='lat' dir='ltr'><strong>dipodia;</strong></span> <span class='ocrx_word' id='word_1_127' title='bbox 908 2927 992 3007; x_wconf 91' lang='lat' dir='ltr'><strong>apud</strong></span> <span class='ocrx_word' id='word_1_128' title='bbox 1011 2932 1146 2995; x_wconf 87' lang='lat' dir='ltr'><strong>oomioos</strong></span> <span class='ocrx_word' id='word_1_129' title='bbox 1161 2949 1230 2995; x_wconf 84' lang='lat' dir='ltr'><strong>ram.</strong></span> 
     </span>
     <span class='ocr_line' id='line_1_23' title="bbox 154 3025 488 3110; baseline 0 -19"><span class='ocrx_word' id='word_1_130' title='bbox 154 3025 308 3110; x_wconf 77' lang='lat' dir='ltr'><strong>Aristoph.</strong></span> <span class='ocrx_word' id='word_1_131' title='bbox 326 3030 394 3091; x_wconf 82' lang='lat' dir='ltr'><strong>Pac.</strong></span> <span class='ocrx_word' id='word_1_132' title='bbox 416 3031 488 3091; x_wconf 88' lang='grc'><strong>468.</strong></span> 
     </span>
    </p>
   </div>
   <div class='ocr_carea' id='block_1_12' title="bbox 155 3136 1236 3360">
    <p class='ocr_par' dir='ltr' id='par_1_14' title="bbox 155 3136 1236 3360">
     <span class='ocr_line' id='line_1_24' title="bbox 240 3136 919 3234; baseline 0.003 -24"><span class='ocrx_word' id='word_1_133' title='bbox 240 3142 298 3210; x_wconf 79' lang='grc' dir='ltr'><strong>καὶ</strong></span> <span class='ocrx_word' id='word_1_134' title='bbox 318 3141 424 3233; x_wconf 85' lang='grc' dir='ltr'><strong><em>μάρον</em></strong></span> <span class='ocrx_word' id='word_1_135' title='bbox 445 3142 590 3228; x_wconf 71' lang='grc' dir='ltr'><strong><em>ἔπιχεῖςς</em></strong></span> <span class='ocrx_word' id='word_1_136' title='bbox 613 3140 659 3222; x_wconf 81' lang='grc' dir='ltr'><strong>ὡς</strong></span> <span class='ocrx_word' id='word_1_137' title='bbox 681 3136 720 3234; x_wconf 75' lang='grc' dir='ltr'><strong>ἥν</strong></span> <span class='ocrx_word' id='word_1_138' title='bbox 741 3168 775 3211; x_wconf 73' lang='lat' dir='ltr'><strong>rs</strong></span> <span class='ocrx_word' id='word_1_139' title='bbox 796 3142 919 3212; x_wconf 80' lang='grc' dir='ltr'><strong><em>πεσών.</em></strong></span> 
     </span>
     <span class='ocr_line' id='line_1_25' title="bbox 155 3268 1236 3360; baseline 0.009 -31"><span class='ocrx_word' id='word_1_140' title='bbox 155 3272 188 3329; x_wconf 93' lang='lat' dir='ltr'><strong>V.</strong></span> <span class='ocrx_word' id='word_1_141' title='bbox 208 3269 385 3350; x_wconf 89' lang='lat' dir='ltr'><strong>Ephippum</strong></span> <span class='ocrx_word' id='word_1_142' title='bbox 408 3288 457 3349; x_wconf 85' lang='lat' dir='ltr'><strong>ap.</strong></span> <span class='ocrx_word' id='word_1_143' title='bbox 477 3268 587 3332; x_wconf 79' lang='lat' dir='ltr'><strong>Athen.</strong></span> <span class='ocrx_word' id='word_1_144' title='bbox 607 3271 669 3331; x_wconf 90' lang='lat' dir='ltr'><strong>Vll.</strong></span> <span class='ocrx_word' id='word_1_145' title='bbox 689 3289 719 3349; x_wconf 89' lang='lat' dir='ltr'><strong>p.</strong></span> <span class='ocrx_word' id='word_1_146' title='bbox 740 3270 812 3333; x_wconf 74' lang='lat'><strong>322.</strong></span> <span class='ocrx_word' id='word_1_147' title='bbox 833 3271 868 3331; x_wconf 90' lang='lat' dir='ltr'><strong>E.</strong></span> <span class='ocrx_word' id='word_1_148' title='bbox 905 3268 967 3333; x_wconf 89' lang='lat' dir='ltr'><strong>Sed</strong></span> <span class='ocrx_word' id='word_1_149' title='bbox 989 3271 1096 3337; x_wconf 89' lang='lat' dir='ltr'><strong>finitae</strong></span> <span class='ocrx_word' id='word_1_150' title='bbox 1120 3274 1236 3360; x_wconf 78' lang='lat' dir='ltr'><strong>dactylo</strong></span> 
     </span>
    </p>
   </div>
   <div class='ocr_carea' id='block_1_13' title="bbox 153 3371 1277 3536">
    <p class='ocr_par' dir='ltr' id='par_1_15' title="bbox 153 3371 1277 3536">
     <span class='ocr_line' id='line_1_26' title="bbox 153 3371 1277 3523; baseline 0.011 -90"><span class='ocrx_word' id='word_1_151' title='bbox 153 3371 294 3453; x_wconf 88' lang='lat' dir='ltr'><strong>dipodiae</strong></span> <span class='ocrx_word' id='word_1_152' title='bbox 323 3381 404 3435; x_wconf 88' lang='lat' dir='ltr'><strong>reete</strong></span> <span class='ocrx_word' id='word_1_153' title='bbox 434 3372 572 3437; x_wconf 77' lang='lat' dir='ltr'><strong>succedit</strong></span> <span class='ocrx_word' id='word_1_154' title='bbox 600 3371 685 3453; x_wconf 92' lang='lat' dir='ltr'><strong>apud</strong></span> <span class='ocrx_word' id='word_1_155' title='bbox 715 3374 843 3455; x_wconf 78' lang='lat' dir='ltr'><strong>tragioos</strong></span> <span class='ocrx_word' id='word_1_156' title='bbox 871 3384 1068 3456; x_wconf 83' lang='lat' dir='ltr'><strong>anapaestus.</strong></span> <span class='ocrx_word' id='word_1_157' title='bbox 1132 3381 1234 3464; x_wconf 85' lang='lat' dir='ltr'><strong>Eurip.</strong></span> <span class='ocrx_word' id='word_1_158' title='bbox 1271 3468 1277 3523; x_wconf 51' lang='lat' dir='ltr'>l</span> 
     </span>
     <span class='ocr_line' id='line_1_27' title="bbox 153 3476 314 3536; baseline 0 0"><span class='ocrx_word' id='word_1_159' title='bbox 153 3476 199 3536; x_wconf 87' lang='lat' dir='ltr'><strong>El.</strong></span> <span class='ocrx_word' id='word_1_160' title='bbox 222 3476 314 3536; x_wconf 85' lang='grc'><strong>4349.</strong></span> 
     </span>
    </p>
   </div>
   <div class='ocr_carea' id='block_1_14' title="bbox 152 3586 1212 4127">
    <p class='ocr_par' dir='ltr' id='par_1_16' title="bbox 238 3586 821 3682">
     <span class='ocr_line' id='line_1_28' title="bbox 238 3586 821 3682; baseline 0.01 -25"><span class='ocrx_word' id='word_1_161' title='bbox 238 3586 372 3678; x_wconf 73' lang='grc' dir='ltr'><strong><em>θάρσει,</em></strong></span> <span class='ocrx_word' id='word_1_162' title='bbox 399 3586 582 3669; x_wconf 81' lang='grc' dir='ltr'><strong><em>Παλλάδος</em></strong></span> <span class='ocrx_word' id='word_1_163' title='bbox 603 3588 701 3659; x_wconf 80' lang='grc' dir='ltr'><strong><em>ὁσίαν</em></strong></span> <span class='ocrx_word' id='word_1_164' title='bbox 722 3587 821 3682; x_wconf 78' lang='grc' dir='ltr'><strong><em>ἥξεις.</em></strong></span> 
     </span>
    </p>

    <p class='ocr_par' dir='ltr' id='par_1_17' title="bbox 153 3715 1212 4026">
     <span class='ocr_line' id='line_1_29' title="bbox 153 3715 1212 3799; baseline 0.009 -22"><span class='ocrx_word' id='word_1_165' title='bbox 153 3718 332 3796; x_wconf 85' lang='lat' dir='ltr'><strong>praesertim</strong></span> <span class='ocrx_word' id='word_1_166' title='bbox 348 3715 469 3798; x_wconf 82' lang='lat' dir='ltr'><strong>dactylo</strong></span> <span class='ocrx_word' id='word_1_167' title='bbox 485 3718 578 3777; x_wconf 89' lang='lat' dir='ltr'><strong>finem</strong></span> <span class='ocrx_word' id='word_1_168' title='bbox 594 3736 704 3781; x_wconf 89' lang='lat' dir='ltr'><strong>versus</strong></span> <span class='ocrx_word' id='word_1_169' title='bbox 719 3724 854 3799; x_wconf 81' lang='lat' dir='ltr'><strong>tenente,</strong></span> <span class='ocrx_word' id='word_1_170' title='bbox 874 3728 910 3783; x_wconf 89' lang='lat' dir='ltr'><strong>ut</strong></span> <span class='ocrx_word' id='word_1_171' title='bbox 924 3718 1041 3783; x_wconf 90' lang='lat' dir='ltr'><strong>ibidem</strong></span> <span class='ocrx_word' id='word_1_172' title='bbox 1059 3740 1091 3786; x_wconf 77' lang='lat' dir='ltr'><strong>v,</strong></span> <span class='ocrx_word' id='word_1_173' title='bbox 1115 3727 1212 3791; x_wconf 77' lang='lat' dir='ltr'><strong>l322.</strong></span> 
     </span>
     <span class='ocr_line' id='line_1_30' title="bbox 240 3826 554 3923; baseline 0.006 -25"><span class='ocrx_word' id='word_1_174' title='bbox 240 3829 373 3920; x_wconf 74' lang='grc' dir='ltr'><strong><em>σύγγονε</em></strong></span> <span class='ocrx_word' id='word_1_175' title='bbox 396 3826 554 3923; x_wconf 79' lang='grc' dir='ltr'><strong><em>φίλτατε·</em></strong></span> 
     </span>
     <span class='ocr_line' id='line_1_31' title="bbox 239 3931 849 4026; baseline 0.007 -25"><span class='ocrx_word' id='word_1_176' title='bbox 239 3932 295 4001; x_wconf 80' lang='grc' dir='ltr'><strong>διὰ</strong></span> <span class='ocrx_word' id='word_1_177' title='bbox 318 3933 378 4023; x_wconf 75' lang='grc' dir='ltr'><strong>γὰρ</strong></span> <span class='ocrx_word' id='word_1_178' title='bbox 402 3931 544 4024; x_wconf 70' lang='grc' dir='ltr'><strong><em>ζεογνῦά</em></strong></span> <span class='ocrx_word' id='word_1_179' title='bbox 567 3932 654 4026; x_wconf 79' lang='grc' dir='ltr'><strong><em>ἡμᾶς</em></strong></span> <span class='ocrx_word' id='word_1_180' title='bbox 676 3932 849 4026; x_wconf 74' lang='grc' dir='ltr'><strong><em>πατρῴων.</em></strong></span> 
     </span>
    </p>

    <p class='ocr_par' dir='ltr' id='par_1_18' title="bbox 152 4057 684 4127">
     <span class='ocr_line' id='line_1_32' title="bbox 152 4057 684 4127; baseline -0.002 -3"><span class='ocrx_word' id='word_1_181' title='bbox 152 4063 187 4124; x_wconf 88' lang='lat' dir='ltr'><strong>V.</strong></span> <span class='ocrx_word' id='word_1_182' title='bbox 207 4057 316 4123; x_wconf 79' lang='lat' dir='ltr'><strong>Aesoh.</strong></span> <span class='ocrx_word' id='word_1_183' title='bbox 337 4061 367 4122; x_wconf 90' lang='lat' dir='ltr'><strong>S.</strong></span> <span class='ocrx_word' id='word_1_184' title='bbox 386 4060 427 4123; x_wconf 84' lang='lat' dir='ltr'><strong>ad</strong></span> <span class='ocrx_word' id='word_1_185' title='bbox 443 4063 498 4127; x_wconf 89' lang='lat' dir='ltr'><strong>Th.</strong></span> <span class='ocrx_word' id='word_1_186' title='bbox 520 4063 592 4125; x_wconf 87' lang='grc'><strong>833.</strong></span> <span class='ocrx_word' id='word_1_187' title='bbox 613 4066 684 4126; x_wconf 86' lang='grc'><strong>873.</strong></span> 
     </span>
    </p>
   </div>
   <div class='ocr_carea' id='block_1_15' title="bbox 0 0 1406 4912">
    <p class='ocr_par' dir='ltr' id='par_1_19' title="bbox 0 0 1406 4912">
     <span class='ocr_line' id='line_1_33' title="bbox 0 0 1406 4912; baseline 0 2"><span class='ocrx_word' id='word_1_188' title='bbox 0 0 1406 4912; x_wconf 95' lang='lat' dir='ltr'><strong> </strong></span> 
     </span>
    </p>
   </div>
  </div>
 </body>
</html>
