2804 4912
158 305 219 369 128
538 327 595 370 nra.
615 324 655 370 ιι.Ι
682 327 744 369 cnr.
763 328 851 370 xrxrr.

241 479 277 539 G.
295 479 373 542 uodo
387 479 436 542 is?
450 481 523 563 quid
536 479 624 562 fers?
638 482 713 564 quid
725 482 874 564 scoticos?

240 585 277 643 D.
297 591 350 644 toa
363 584 441 666 quod
454 585 500 646 nil
512 582 626 664 reffert,
644 588 683 647 roe'
696 604 793 648 coreo.

243 688 278 748 G.
296 686 370 769 qood
383 685 458 749 istrie
473 690 539 750 est?
560 691 598 749 l).
618 706 695 770 quoe
711 688 846 750 tot-edos
860 687 1010 749 colubros.

243 790 277 856 G.
296 789 368 872 quid
384 798 444 851 tom
458 789 662 853 iracundus?
684 793 722 852 D.
740 793 770 853 si
781 791 814 853 lo
829 801 855 854 tc

238 893 339 972 pudor
353 894 437 972 desit,
456 912 514 955 ooo
529 912 575 955 me
591 892 731 976 appelles.

242 997 277 1056 G.
294 993 415 1075 possum
429 998 507 1059 scire
522 1015 565 1058 cao
580 1005 607 1059 te
621 999 752 1059 cmm?

93 1120 130 1203 Ἀ
243 1101 280 1158 l).
295 1106 397 1180 potes:
416 1098 498 1197 ldplic
512 1119 570 1162 noo
586 1100 734 1163 coenetis.

540 1360 848 1370 ————

546 1554 660 1626 cAP.
677 1555 849 1626 XXXII.

342 1704 401 1776 De
428 1707 735 1801 anapaesticis
762 1706 1053 1778 tetrametris.

241 1873 353 1959 5383.
374 1877 614 1938 Tetramctri
629 1874 690 1939 dno
702 1878 734 1938 in
746 1896 807 1939 usu
817 1876 952 1954 luerunt,
971 1876 1228 1956 acatalectus‚

123 2000 142 2035 a
155 1998 249 2061 quem
264 1977 320 2040 soli
335 1980 462 2041 Romani
477 1978 624 2041 videntur
638 1998 814 2062 usurpasse,
833 1990 865 2042 et
880 1981 1168 2063 catalecticus,
1184 1998 1231 2043 oo-
1255 1998 1258 2005 ·

155 2080 293 2144 moediae
312 2084 471 2164 proprius,
498 2102 559 2164 quo
581 2085 705 2164 utrique
726 2085 775 2146 usi
797 2092 880 2146 sunt.
914 2084 961 2144 De
980 2082 1226 2163 catalectico,

156 2186 209 2265 qui
224 2184 544 2265 Aristophaneus
562 2196 705 2266 vocatur,
724 2196 864 2250 accurate
881 2186 1027 2249 disseruit
1040 2184 1229 2249 Porsenosh
1253 2222 1257 2227 -

155 2290 251 2372 prael.
278 2288 319 2351 ad
335 2290 405 2351 Hec.
431 2309 463 2370 p.
485 2294 534 2353 46.
561 2309 647 2370 seqq.
667 2291 794 2354 Constat
815 2291 864 2352 hic
884 2308 994 2352 versus
1009 2289 1145 2352 dimetro
1165 2306 1228 2352 aco-
1257 2362 1260 2369 ¹

156 2393 266 2454 talecto
294 2402 326 2454 et
344 2394 552 2474 paroemiaco,
584 2412 712 2455 caesura
741 2395 773 2454 in
802 2393 863 2454 fine
891 2395 992 2473 quarti
1012 2392 1104 2474 pedis
1133 2390 1222 2456 sedi

157 2496 335 2574 observata,
359 2497 543 2577 plerumque
566 2498 658 2558 etiam
679 2497 824 2559 incisione
846 2495 924 2559 lacta
947 2499 979 2557 in
1001 2494 1132 2558 secundi
1155 2492 1225 2577 peti

157 2600 228 2680 line,
247 2608 314 2661 tum
329 2599 442 2661 evitato
456 2598 573 2679 ubique
588 2601 868 2680 proceleusmatico.

242 2802 358 2889 3384.
385 2807 533 2880 Quamvis
555 2806 715 2889 diligenter
741 2825 867 2870 caesura
887 2809 919 2868 in
941 2808 1001 2868 fine
1021 2809 1125 2887 quarti
1152 2802 1231 2889 pedo

157 2912 352 2991 observetur,
372 2919 475 2972 tamen
491 2909 615 2973 videtur
629 2931 675 2991 ea,
695 2911 765 2972 licet
779 2911 948 2991 rarissime,
969 2911 1060 2973 etiam
1076 2910 1161 2975 lacta
1173 2926 1233 2973 ern
1249 2926 1256 3007 ᾗ

157 3017 188 3076 in
202 3016 340 3098 proxime
363 3022 512 3095 sequente
533 3014 621 3076 brevi
643 3014 777 3095 syllaba,
801 3023 836 3076 ut
850 3016 882 3076 in
905 3013 1051 3076 dimetro:
1078 3035 1109 3077 v.
1130 3012 1231 3099 §3⁶6.

156 3118 309 3199 Aristoph.
329 3116 387 3180 Αν.
408 3120 479 3181 600.
1232 3194 1239 3201 Ι

242 3240 307 3303 τῶν
329 3229 508 3322 ἀργυρίων·
535 3222 630 3299 οὗτοι
651 3231 712 3322 γὰρ
733 3227 844 3302 ἴσασι·
871 3231 1003 3321 λέγουσι
1025 3232 1064 3300 δέ
1086 3257 1144 3300 τοι
1164 3229 1237 3301 ro'd·

798 3335 931 3416 πάντες.

157 3463 191 3525 In
212 3461 382 3545 fragmento
399 3464 515 3527 Cratini
536 3462 621 3542 apnd
643 3462 844 3524 Scholiastam
867 3461 1081 3542 Aristophanis
1105 3462 1148 3525 ad
1163 3459 1239 3524 Areo

157 3587 186 3629 v.
206 3567 279 3629 767.

241 3683 299 3751 καὶ
314 3681 522 3772 πρῶτονμὲν
537 3680 631 3772 παρὰ
646 3685 849 3751 ναυτοδικῶν
864 3678 985 3772 ἆπάγω
1000 3678 1076 3769 τρία
1101 3674 1241 3752 κνώδαλ’

795 3781 928 3877 ἀναιδῆ,

242 3887 380 3973 Πισίαν,
403 3884 591 3981 'oculere
614 3893 791 3983 Διῖτρεφῆ.

156 4034 218 4079 non
233 4016 371 4096 putanda
394 4027 442 4079 cst
456 4019 592 4097 neglecta
608 4035 676 4079 esse
692 4035 835 4096 caesura,
855 4015 954 4079 diviso
968 4011 1000 4076 in
1016 4029 1073 4078 sua
1090 4013 1243 4081 clementa

159 4121 282 4181 nomine
297 4122 429 4201 proprio.
463 4121 538 4183 Vide
554 4119 571 4206 §
589 4124 639 4183 60.
673 4120 717 4198 De
740 4136 885 4182 mensura
908 4119 1000 4182 huius
1015 4118 1152 4183 nominis
1167 4118 1245 4184 Διῒ·

160 4217 282 4310 τρεφὴς
296 4223 374 4285 dixit
388 4223 554 4286 Elmsleius
569 4222 609 4286 ad
624 4222 747 4286 Medeae
762 4243 792 4286 v.
813 4224 885 4284 326.
