2804 4912
262 333 298 375 nn
315 331 512 374 ouorunareo
529 332 616 373 orere
634 329 904 384 rotrscuaourrsro
921 319 978 368 ete.
1110 306 1169 370 ’185

169 473 264 562 Ello,
287 474 470 562 atoooxuir'
494 472 586 560 ἅναξ,
609 474 695 566 χαῖρ’
717 472 835 569 ἔφασκ)
856 460 1081 565 Ἐκφαντίδης..

170 578 283 649 πάντα
308 578 450 673 φορητά,
474 578 584 648 πάντα
606 581 754 672 τολμητὰ
776 581 863 668 τῷδε
885 586 932 665 τῷ
952 586 1052 666 χορῷ.

172 684 258 775 πλὴν
279 682 399 757 Ξενίου
423 681 566 768 νόμοισι,
591 684 649 751 καὶ
670 682 882 768 Σχοινίωνος,
908 674 934 748 ὦ
958 680 1089 769 Χάρων.

65 811 228 892 Eupolis:

170 918 288 1011 ἄνδρες
309 922 450 1014 ἑταῖροι,
474 929 571 1012 δεῦρο
594 924 634 1015 δὴ
658 924 715 1013 τὴν
738 921 864 1013 γνώμην
886 921 1090 1010 προςίσχετε,

170 1025 203 1095 εἰ
224 1024 375 1113 δυνατόν,
397 1027 455 1096 καὶ
476 1026 521 1119 μή
543 1055 576 1095 τι
597 1032 712 1115 μεῖζον
734 1025 928 1116 πράττουσα
951 1024 1111 1115 τυγχάνει.

67 1154 220 1236 Apparet
235 1174 394 1216 caesuram
410 1174 503 1236 saepe
521 1155 643 1235 negligi.
678 1156 820 1216 Ceterum
842 1154 957 1215 lallitur
972 1153 1164 1231 Hephaestio,

67 1257 276 1319 contundens
298 1259 355 1320 hoc
377 1270 509 1322 metrum
535 1279 606 1320 euru
632 1258 850 1335 choriambico,
881 1256 964 1338 quod
988 1258 1053 1338 ipse
1076 1257 1169 1337 poly-

18 1418 21 1423 ,
68 1362 315 1424 schematistum
332 1371 429 1424 vocat.

474 1571 781 1581 ——--—--—

522 1738 634 1807 cAP.
654 1739 722 1808 V1.

131 1891 192 1960 De
220 1890 524 1961 ehoriarnbico
551 1891 672 1961 dicto
700 1890 1112 1983 polyselrernatisto.

167 2057 282 2139 5506.
318 2059 640 2122 Choriambiourn
664 2069 812 2136 ruotrurn,
840 2060 923 2138 quod
948 2060 1167 2140 polysehe-

72 2163 288 2224 matistum
320 2163 437 2224 metrici
464 2172 589 2240 vocant,
624 2182 684 2222 non
713 2161 835 2224 videtur
864 2164 1166 2244 polysehenratisturn

72 2284 158 2328 esse.
195 2267 321 2330 Constat
336 2285 375 2326 ex
390 2266 437 2326 his
452 2265 611 2345 partibus:

166 2383 262 2432 Lw-
280 2383 284 2469 l
302 2384 397 2432 υέυ-
414 2383 427 2469 Η
443 2379 614 2432 :Qu-0

74 2509 157 2568 Nam
173 2517 294 2586 praeter
309 2525 453 2568 caesurae
469 2507 688 2586 neglectionern
706 2507 747 2567 ita
763 2527 876 2587 purnnr
893 2528 1033 2570 servasse
1051 2530 1165 2572 nurne-

75 2628 149 2671 rum
172 2609 317 2672 videntur
337 2611 456 2689 cornici,
484 2618 572 2671 utne
588 2609 759 2689 spondeum
776 2611 902 2689 quidem
926 2613 956 2671 in
973 2615 1057 2674 initio
1073 2614 1166 2692 dipo-
1207 2659 1210 2664 .

76 2713 149 2774 diae
165 2712 314 2774 iambieoe
329 2721 487 2795 ponerent,
510 2713 585 2793 quin
600 2714 692 2774 etiam
707 2734 725 2774 a
741 2715 944 2777 solutionibus
960 2715 1160 2779 abstinerent.

76 2815 240 2877 Anacreon
252 2837 257 2875 :

164 2926 317 3015 Σίμαλον
340 2923 430 2998 εἶδον
452 2931 486 3000 ἒν
506 2937 596 3020 χορῷ
618 2927 750 3022 πηκτίὸ’
774 2929 891 3014 iberra
913 2931 1024 3023 καλήν.

75 3056 222 3137 Eupolis:

166 3169 224 3237 καὶ
246 3170 475 3263 ξννεγιγνόμην
496 3169 550 3241 αἐἱ
571 3177 644 3253 τοῖς
666 3171 813 3261 ἀγαθοῖς
835 3173 1023 3264 φάγροισιν.

75 3295 219 3360 Sedecim
243 3315 353 3359 versus
374 3297 535 3377 Eupolidis
557 3301 614 3360 hoc
638 3309 734 3362 metro
756 3301 885 3380 scriptos
908 3302 1044 3363 servavit
1063 3297 1163 3361 Athe-

37 3486 50 3503 ·
73 3417 176 3462 naeus
192 3400 239 3460 Vl.
260 3419 290 3479 p.
312 3401 384 3462 236.
404 3403 439 3463 Ε.

508 3755 619 3824 cAP.
638 3757 727 3826 VH.

102 3945 108 3958 ·
173 3903 232 3972 De
259 3905 467 3997 epionico
494 3906 615 3976 dicto
642 3907 1055 4000 polyschematisto.

163 4069 285 4151 §wi
326 4076 456 4154 Versus,
490 4094 582 4155 quern
613 4078 842 4157 epiouieum
872 4079 1161 4158 polyschenra-

70 4177 102 4239 ti
113 4184 218 4237 stum
242 4178 358 4239 metrici
374 4188 497 4258 voeant,
522 4198 622 4260 neque
638 4182 729 4242 lonici
746 4183 866 4243 numeri
883 4183 980 4245 ullum
997 4186 1158 4264 vestigium
