<?xml version="1.0" encoding="UTF-8"?>
<!DOCTYPE html PUBLIC "-//W3C//DTD XHTML 1.0 Transitional//EN"
    "http://www.w3.org/TR/xhtml1/DTD/xhtml1-transitional.dtd">
<html xmlns="http://www.w3.org/1999/xhtml" xml:lang="en" lang="en">
 <head>
  <title>
</title>
<meta http-equiv="Content-Type" content="text/html;charset=utf-8" />
  <meta name='ocr-system' content='tesseract 3.04.00' />
  <meta name='ocr-capabilities' content='ocr_page ocr_carea ocr_par ocr_line ocrx_word'/>
</head>
<body>
  <div class='ocr_page' id='page_1' title='image "./godofrediherman00hermgoog/godofrediherman00hermgoog_0214.png"; bbox 0 0 2804 4912; ppageno 0'>
   <div class='ocr_carea' id='block_1_1' title="bbox 158 301 834 363">
    <p class='ocr_par' dir='ltr' id='par_1_1' title="bbox 158 301 834 363">
     <span class='ocr_line' id='line_1_1' title="bbox 158 301 834 363; baseline -0.001 -4"><span class='ocrx_word' id='word_1_1' title='bbox 158 301 219 363; x_wconf 63' lang='grc' dir='ltr'><em>Μ</em></span> <span class='ocrx_word' id='word_1_2' title='bbox 572 318 834 361; x_wconf 62' lang='lat' dir='ltr'><strong>mmmm</strong></span> 
     </span>
    </p>
   </div>
   <div class='ocr_carea' id='block_1_2' title="bbox 153 465 1241 757">
    <p class='ocr_par' dir='ltr' id='par_1_2' title="bbox 153 465 1241 757">
     <span class='ocr_line' id='line_1_2' title="bbox 153 465 1240 557; baseline 0.006 -27"><span class='ocrx_word' id='word_1_3' title='bbox 153 489 213 530; x_wconf 92' lang='lat' dir='ltr'><strong>non</strong></span> <span class='ocrx_word' id='word_1_4' title='bbox 236 470 336 532; x_wconf 88' lang='lat' dir='ltr'><strong>solum</strong></span> <span class='ocrx_word' id='word_1_5' title='bbox 359 479 486 551; x_wconf 82' lang='lat' dir='ltr'><strong>propter</strong></span> <span class='ocrx_word' id='word_1_6' title='bbox 508 471 682 551; x_wconf 79' lang='lat' dir='ltr'>ambiguam</span> <span class='ocrx_word' id='word_1_7' title='bbox 706 489 884 532; x_wconf 88' lang='lat' dir='ltr'><strong>mensuram</strong></span> <span class='ocrx_word' id='word_1_8' title='bbox 907 471 997 532; x_wconf 85' lang='lat' dir='ltr'><strong>verbi</strong></span> <span class='ocrx_word' id='word_1_9' title='bbox 1023 465 1181 557; x_wconf 75' lang='grc' dir='ltr'><strong><em>χρύσεος,</em></strong></span> <span class='ocrx_word' id='word_1_10' title='bbox 1205 470 1240 535; x_wconf 79' lang='lat' dir='ltr'><strong>tle</strong></span> 
     </span>
     <span class='ocr_line' id='line_1_3' title="bbox 154 562 1241 656; baseline 0.002 -21"><span class='ocrx_word' id='word_1_11' title='bbox 154 592 214 653; x_wconf 91' lang='lat' dir='ltr'><strong>qua</strong></span> <span class='ocrx_word' id='word_1_12' title='bbox 242 593 270 636; x_wconf 90' lang='lat' dir='ltr'><strong>v.</strong></span> <span class='ocrx_word' id='word_1_13' title='bbox 291 575 388 636; x_wconf 85' lang='lat' dir='ltr'><strong>Elem.</strong></span> <span class='ocrx_word' id='word_1_14' title='bbox 408 573 439 634; x_wconf 92' lang='lat' dir='ltr'><strong>d.</strong></span> <span class='ocrx_word' id='word_1_15' title='bbox 459 593 500 635; x_wconf 88' lang='lat' dir='ltr'><strong>m.</strong></span> <span class='ocrx_word' id='word_1_16' title='bbox 520 595 551 656; x_wconf 92' lang='lat' dir='ltr'><strong>p.</strong></span> <span class='ocrx_word' id='word_1_17' title='bbox 574 576 638 653; x_wconf 76' lang='grc'><strong>44,</strong></span> <span class='ocrx_word' id='word_1_18' title='bbox 668 573 724 635; x_wconf 89' lang='lat' dir='ltr'><strong>sed</strong></span> <span class='ocrx_word' id='word_1_19' title='bbox 747 576 857 655; x_wconf 84' lang='lat' dir='ltr'><strong>etiam,</strong></span> <span class='ocrx_word' id='word_1_20' title='bbox 887 576 959 654; x_wconf 90' lang='lat' dir='ltr'><strong>quia</strong></span> <span class='ocrx_word' id='word_1_21' title='bbox 982 573 1088 637; x_wconf 84' lang='lat' dir='ltr'><strong>deleto</strong></span> <span class='ocrx_word' id='word_1_22' title='bbox 1110 562 1139 639; x_wconf 78' lang='grc' dir='ltr'><em>ὦ</em></span> <span class='ocrx_word' id='word_1_23' title='bbox 1161 576 1241 638; x_wconf 79' lang='lat' dir='ltr'><strong>laeile</strong></span> 
     </span>
     <span class='ocr_line' id='line_1_4' title="bbox 153 676 786 757; baseline 0.003 -21"><span class='ocrx_word' id='word_1_24' title='bbox 153 677 274 738; x_wconf 90' lang='lat' dir='ltr'><strong>restitui</strong></span> <span class='ocrx_word' id='word_1_25' title='bbox 289 677 383 738; x_wconf 80' lang='lat' dir='ltr'><strong>altera</strong></span> <span class='ocrx_word' id='word_1_26' title='bbox 402 676 549 757; x_wconf 82' lang='lat' dir='ltr'><strong>Glyconei</strong></span> <span class='ocrx_word' id='word_1_27' title='bbox 563 677 660 738; x_wconf 79' lang='lat' dir='ltr'><strong>torma</strong></span> <span class='ocrx_word' id='word_1_28' title='bbox 676 685 786 755; x_wconf 85' lang='lat' dir='ltr'><strong>potest.</strong></span> 
     </span>
    </p>
   </div>
   <div class='ocr_carea' id='block_1_3' title="bbox 154 906 1241 1092">
    <p class='ocr_par' dir='ltr' id='par_1_3' title="bbox 154 906 1241 1092">
     <span class='ocr_line' id='line_1_5' title="bbox 238 906 1241 997; baseline 0.003 -25"><span class='ocrx_word' id='word_1_29' title='bbox 238 906 361 989; x_wconf 64' lang='lat'><strong>5475.</strong></span> <span class='ocrx_word' id='word_1_30' title='bbox 403 910 486 971; x_wconf 89' lang='lat' dir='ltr'><strong>Solvi</strong></span> <span class='ocrx_word' id='word_1_31' title='bbox 516 929 588 971; x_wconf 87' lang='lat' dir='ltr'><strong>vero</strong></span> <span class='ocrx_word' id='word_1_32' title='bbox 615 909 783 972; x_wconf 79' lang='lat' dir='ltr'><strong>choriambi</strong></span> <span class='ocrx_word' id='word_1_33' title='bbox 811 910 904 975; x_wconf 88' lang='lat' dir='ltr'><strong>huius</strong></span> <span class='ocrx_word' id='word_1_34' title='bbox 929 920 1099 997; x_wconf 84' lang='lat' dir='ltr'><strong>utramque</strong></span> <span class='ocrx_word' id='word_1_35' title='bbox 1124 912 1241 994; x_wconf 83' lang='lat' dir='ltr'><strong>longam</strong></span> 
     </span>
     <span class='ocr_line' id='line_1_6' title="bbox 154 1013 681 1092; baseline 0.002 -20"><span class='ocrx_word' id='word_1_36' title='bbox 154 1013 234 1074; x_wconf 85' lang='lat' dir='ltr'><strong>licet.</strong></span> <span class='ocrx_word' id='word_1_37' title='bbox 260 1014 368 1092; x_wconf 88' lang='lat' dir='ltr'><strong>Eurip.</strong></span> <span class='ocrx_word' id='word_1_38' title='bbox 387 1014 495 1074; x_wconf 80' lang='lat' dir='ltr'>Bacch.</span> <span class='ocrx_word' id='word_1_39' title='bbox 518 1015 551 1074; x_wconf 82' lang='grc'><strong>44</strong></span> <span class='ocrx_word' id='word_1_40' title='bbox 560 1017 589 1073; x_wconf 87' lang='grc'><strong>6.</strong></span> <span class='ocrx_word' id='word_1_41' title='bbox 611 1015 681 1075; x_wconf 78' lang='lat' dir='ltr'><strong>tat.</strong></span> 
     </span>
    </p>
   </div>
   <div class='ocr_carea' id='block_1_4' title="bbox 240 1121 909 1322">
    <p class='ocr_par' dir='ltr' id='par_1_4' title="bbox 240 1121 909 1322">
     <span class='ocr_line' id='line_1_7' title="bbox 241 1121 823 1219; baseline 0.002 -25"><span class='ocrx_word' id='word_1_42' title='bbox 241 1123 339 1195; x_wconf 67' lang='lat' dir='ltr'><strong>dusin&#39;</strong></span> <span class='ocrx_word' id='word_1_43' title='bbox 364 1121 425 1216; x_wconf 62' lang='lat' dir='ltr'><strong>llys</strong></span> <span class='ocrx_word' id='word_1_44' title='bbox 445 1154 498 1214; x_wconf 81' lang='grc' dir='ltr'><strong>με,</strong></span> <span class='ocrx_word' id='word_1_45' title='bbox 523 1127 662 1217; x_wconf 85' lang='grc' dir='ltr'><em>Βρόμιε,</em></span> <span class='ocrx_word' id='word_1_46' title='bbox 686 1127 823 1219; x_wconf 81' lang='grc' dir='ltr'><strong><em>Βρόμιε.</em></strong></span> 
     </span>
     <span class='ocr_line' id='line_1_8' title="bbox 240 1225 909 1322; baseline -0.001 -23"><span class='ocrx_word' id='word_1_47' title='bbox 240 1230 349 1322; x_wconf 82' lang='grc' dir='ltr'><em>σοφὰν</em></span> <span class='ocrx_word' id='word_1_48' title='bbox 373 1226 402 1298; x_wconf 83' lang='lat' dir='ltr'><strong>d‘</strong></span> <span class='ocrx_word' id='word_1_49' title='bbox 426 1225 531 1316; x_wconf 65' lang='grc' dir='ltr'><em>ἄπεχε</em></span> <span class='ocrx_word' id='word_1_50' title='bbox 553 1229 713 1320; x_wconf 81' lang='grc' dir='ltr'><strong><em>πραπίδα</em></strong></span> <span class='ocrx_word' id='word_1_51' title='bbox 736 1231 841 1322; x_wconf 79' lang='grc' dir='ltr'><strong><em>φρένα</em></strong></span> <span class='ocrx_word' id='word_1_52' title='bbox 863 1257 909 1299; x_wconf 81' lang='grc' dir='ltr'><strong>τε.</strong></span> 
     </span>
    </p>
   </div>
   <div class='ocr_carea' id='block_1_5' title="bbox 120 1466 1241 2172">
    <p class='ocr_par' dir='ltr' id='par_1_5' title="bbox 120 1466 1241 2172">
     <span class='ocr_line' id='line_1_9' title="bbox 239 1466 1241 1552; baseline 0.003 -20"><span class='ocrx_word' id='word_1_53' title='bbox 239 1466 356 1550; x_wconf 66' lang='lat'><strong>5476.</strong></span> <span class='ocrx_word' id='word_1_54' title='bbox 390 1471 465 1531; x_wconf 92' lang='lat' dir='ltr'><strong>Nam</strong></span> <span class='ocrx_word' id='word_1_55' title='bbox 482 1471 540 1531; x_wconf 89' lang='lat' dir='ltr'><strong>etsi</strong></span> <span class='ocrx_word' id='word_1_56' title='bbox 556 1470 700 1552; x_wconf 83' lang='lat' dir='ltr'><strong>Glyconei</strong></span> <span class='ocrx_word' id='word_1_57' title='bbox 722 1469 879 1532; x_wconf 89' lang='lat' dir='ltr'><strong>interdum</strong></span> <span class='ocrx_word' id='word_1_58' title='bbox 902 1489 964 1532; x_wconf 89' lang='lat' dir='ltr'><strong>non</strong></span> <span class='ocrx_word' id='word_1_59' title='bbox 978 1480 1166 1552; x_wconf 82' lang='lat' dir='ltr'><strong>perpetuata</strong></span> <span class='ocrx_word' id='word_1_60' title='bbox 1181 1493 1241 1535; x_wconf 90' lang='lat' dir='ltr'><strong>nu-</strong></span> 
     </span>
     <span class='ocr_line' id='line_1_10' title="bbox 154 1573 1241 1658; baseline 0.004 -24"><span class='ocrx_word' id='word_1_61' title='bbox 154 1592 238 1634; x_wconf 88' lang='lat' dir='ltr'><strong>mero</strong></span> <span class='ocrx_word' id='word_1_62' title='bbox 254 1592 322 1635; x_wconf 90' lang='lat' dir='ltr'><strong>sese</strong></span> <span class='ocrx_word' id='word_1_63' title='bbox 338 1575 512 1654; x_wconf 83' lang='lat' dir='ltr'><strong>excipiunt,</strong></span> <span class='ocrx_word' id='word_1_64' title='bbox 539 1573 622 1635; x_wconf 91' lang='lat' dir='ltr'><strong>unde</strong></span> <span class='ocrx_word' id='word_1_65' title='bbox 645 1583 675 1634; x_wconf 96' lang='lat' dir='ltr'><strong>et</strong></span> <span class='ocrx_word' id='word_1_66' title='bbox 696 1573 799 1635; x_wconf 84' lang='lat' dir='ltr'><strong>hiatus</strong></span> <span class='ocrx_word' id='word_1_67' title='bbox 823 1576 853 1635; x_wconf 91' lang='lat' dir='ltr'><strong>in</strong></span> <span class='ocrx_word' id='word_1_68' title='bbox 877 1575 938 1635; x_wconf 89' lang='lat' dir='ltr'><strong>fine</strong></span> <span class='ocrx_word' id='word_1_69' title='bbox 954 1574 1056 1637; x_wconf 83' lang='lat' dir='ltr'><strong>locum</strong></span> <span class='ocrx_word' id='word_1_70' title='bbox 1078 1576 1191 1658; x_wconf 88' lang='lat' dir='ltr'><strong>babet,</strong></span> <span class='ocrx_word' id='word_1_71' title='bbox 1214 1587 1241 1638; x_wconf 86' lang='lat' dir='ltr'><strong>et</strong></span> 
     </span>
     <span class='ocr_line' id='line_1_11' title="bbox 154 1676 1236 1761; baseline 0.004 -24"><span class='ocrx_word' id='word_1_72' title='bbox 154 1677 275 1756; x_wconf 81' lang='lat' dir='ltr'>syllaba</span> <span class='ocrx_word' id='word_1_73' title='bbox 290 1697 403 1758; x_wconf 85' lang='lat' dir='ltr'><strong>anceps</strong></span> <span class='ocrx_word' id='word_1_74' title='bbox 423 1676 504 1759; x_wconf 88' lang='lat' dir='ltr'><strong>(vide</strong></span> <span class='ocrx_word' id='word_1_75' title='bbox 524 1677 651 1738; x_wconf 88' lang='lat' dir='ltr'><strong>Seidler.</strong></span> <span class='ocrx_word' id='word_1_76' title='bbox 671 1676 711 1738; x_wconf 91' lang='lat' dir='ltr'><strong>ad</strong></span> <span class='ocrx_word' id='word_1_77' title='bbox 733 1677 840 1760; x_wconf 87' lang='lat' dir='ltr'><strong>Eurip.</strong></span> <span class='ocrx_word' id='word_1_78' title='bbox 859 1678 969 1739; x_wconf 84' lang='lat' dir='ltr'><strong>Electr.</strong></span> <span class='ocrx_word' id='word_1_79' title='bbox 993 1680 1064 1741; x_wconf 83' lang='grc'><strong>453.</strong></span> <span class='ocrx_word' id='word_1_80' title='bbox 1086 1689 1119 1741; x_wconf 84' lang='lat' dir='ltr'><strong>et</strong></span> <span class='ocrx_word' id='word_1_81' title='bbox 1141 1680 1236 1761; x_wconf 72' lang='grc'><strong>267),</strong></span> 
     </span>
     <span class='ocr_line' id='line_1_12' title="bbox 120 1781 1239 1862; baseline 0.002 -20"><span class='ocrx_word' id='word_1_82' title='bbox 120 1790 123 1795; x_wconf 89' lang='grc'><strong>’</strong></span> <span class='ocrx_word' id='word_1_83' title='bbox 154 1790 258 1842; x_wconf 90' lang='lat' dir='ltr'><strong>tamen</strong></span> <span class='ocrx_word' id='word_1_84' title='bbox 283 1781 467 1861; x_wconf 82' lang='lat' dir='ltr'><strong>plerumque</strong></span> <span class='ocrx_word' id='word_1_85' title='bbox 493 1783 525 1842; x_wconf 93' lang='lat' dir='ltr'><strong>in</strong></span> <span class='ocrx_word' id='word_1_86' title='bbox 552 1790 720 1862; x_wconf 79' lang='lat' dir='ltr'><strong>systemata</strong></span> <span class='ocrx_word' id='word_1_87' title='bbox 747 1782 919 1861; x_wconf 85' lang='lat' dir='ltr'><strong>coniuncti,</strong></span> <span class='ocrx_word' id='word_1_88' title='bbox 949 1782 1078 1844; x_wconf 83' lang='lat' dir='ltr'><strong>excluso</strong></span> <span class='ocrx_word' id='word_1_89' title='bbox 1104 1783 1192 1846; x_wconf 91' lang='lat' dir='ltr'><strong>hiatu</strong></span> <span class='ocrx_word' id='word_1_90' title='bbox 1213 1792 1239 1844; x_wconf 84' lang='lat' dir='ltr'><strong>et</strong></span> 
     </span>
     <span class='ocr_line' id='line_1_13' title="bbox 155 1883 1237 1967; baseline 0.002 -22"><span class='ocrx_word' id='word_1_91' title='bbox 155 1883 275 1964; x_wconf 84' lang='lat' dir='ltr'><strong>syllaba</strong></span> <span class='ocrx_word' id='word_1_92' title='bbox 290 1885 425 1964; x_wconf 82' lang='lat' dir='ltr'><strong>ancipiti,</strong></span> <span class='ocrx_word' id='word_1_93' title='bbox 446 1904 507 1946; x_wconf 89' lang='lat' dir='ltr'><strong>non</strong></span> <span class='ocrx_word' id='word_1_94' title='bbox 523 1885 613 1947; x_wconf 89' lang='lat' dir='ltr'><strong>modo</strong></span> <span class='ocrx_word' id='word_1_95' title='bbox 628 1884 724 1945; x_wconf 89' lang='lat' dir='ltr'><strong>verba</strong></span> <span class='ocrx_word' id='word_1_96' title='bbox 740 1885 820 1945; x_wconf 91' lang='lat' dir='ltr'><strong>inter</strong></span> <span class='ocrx_word' id='word_1_97' title='bbox 835 1883 912 1947; x_wconf 89' lang='lat' dir='ltr'><strong>duos</strong></span> <span class='ocrx_word' id='word_1_98' title='bbox 928 1904 1039 1948; x_wconf 88' lang='lat' dir='ltr'><strong>versus</strong></span> <span class='ocrx_word' id='word_1_99' title='bbox 1055 1884 1165 1967; x_wconf 90' lang='lat' dir='ltr'><strong>dividi,</strong></span> <span class='ocrx_word' id='word_1_100' title='bbox 1190 1884 1237 1947; x_wconf 84' lang='lat' dir='ltr'><strong>sed</strong></span> 
     </span>
     <span class='ocr_line' id='line_1_14' title="bbox 155 1988 1235 2068; baseline 0.003 -20"><span class='ocrx_word' id='word_1_101' title='bbox 155 1989 247 2048; x_wconf 85' lang='lat' dir='ltr'><strong>etiam</strong></span> <span class='ocrx_word' id='word_1_102' title='bbox 262 1988 401 2049; x_wconf 86' lang='lat' dir='ltr'><strong>ultimam</strong></span> <span class='ocrx_word' id='word_1_103' title='bbox 418 2007 529 2050; x_wconf 82' lang='lat' dir='ltr'><strong>versus</strong></span> <span class='ocrx_word' id='word_1_104' title='bbox 544 1988 695 2068; x_wconf 86' lang='lat' dir='ltr'><strong>syllabam</strong></span> <span class='ocrx_word' id='word_1_105' title='bbox 719 1988 796 2049; x_wconf 90' lang='lat' dir='ltr'><strong>solvi</strong></span> <span class='ocrx_word' id='word_1_106' title='bbox 817 1989 987 2067; x_wconf 89' lang='lat' dir='ltr'><strong>patiuntur.</strong></span> <span class='ocrx_word' id='word_1_107' title='bbox 1025 1989 1235 2052; x_wconf 79' lang='lat' dir='ltr'><strong>Vide-Seidle-</strong></span> 
     </span>
     <span class='ocr_line' id='line_1_15' title="bbox 159 2090 1215 2172; baseline 0.002 -21"><span class='ocrx_word' id='word_1_108' title='bbox 159 2110 228 2153; x_wconf 92' lang='lat' dir='ltr'><strong>rum</strong></span> <span class='ocrx_word' id='word_1_109' title='bbox 245 2091 284 2153; x_wconf 92' lang='lat' dir='ltr'><strong>de</strong></span> <span class='ocrx_word' id='word_1_110' title='bbox 299 2111 397 2153; x_wconf 84' lang='lat' dir='ltr'><strong>verss.</strong></span> <span class='ocrx_word' id='word_1_111' title='bbox 417 2090 587 2172; x_wconf 69' lang='lat' dir='ltr'><strong>dochmp.</strong></span> <span class='ocrx_word' id='word_1_112' title='bbox 607 2094 680 2153; x_wconf 74' lang='lat'><strong>260.</strong></span> <span class='ocrx_word' id='word_1_113' title='bbox 700 2101 731 2153; x_wconf 87' lang='lat' dir='ltr'><strong>et</strong></span> <span class='ocrx_word' id='word_1_114' title='bbox 745 2090 785 2153; x_wconf 92' lang='lat' dir='ltr'><strong>ad</strong></span> <span class='ocrx_word' id='word_1_115' title='bbox 800 2092 906 2171; x_wconf 89' lang='lat' dir='ltr'><strong>Eurip.</strong></span> <span class='ocrx_word' id='word_1_116' title='bbox 925 2092 990 2170; x_wconf 91' lang='lat' dir='ltr'><strong>lph.</strong></span> <span class='ocrx_word' id='word_1_117' title='bbox 1011 2095 1105 2154; x_wconf 85' lang='lat' dir='ltr'><strong>Taur.</strong></span> <span class='ocrx_word' id='word_1_118' title='bbox 1127 2097 1215 2157; x_wconf 84' lang='grc'><strong>4076.</strong></span> 
     </span>
    </p>
   </div>
   <div class='ocr_carea' id='block_1_6' title="bbox 155 2321 1232 2925">
    <p class='ocr_par' dir='ltr' id='par_1_6' title="bbox 155 2321 1232 2925">
     <span class='ocr_line' id='line_1_16' title="bbox 242 2321 1230 2406; baseline 0.002 -18"><span class='ocrx_word' id='word_1_119' title='bbox 242 2325 266 2406; x_wconf 61' lang='grc' dir='ltr'><strong>ξ</strong></span> <span class='ocrx_word' id='word_1_120' title='bbox 280 2321 359 2388; x_wconf 84' lang='grc'><strong>477.</strong></span> <span class='ocrx_word' id='word_1_121' title='bbox 391 2324 660 2398; x_wconf 83' lang='lat' dir='ltr'><strong>Quemadmodum</strong></span> <span class='ocrx_word' id='word_1_122' title='bbox 676 2324 860 2387; x_wconf 82' lang='lat' dir='ltr'><strong>dochmiaais</strong></span> <span class='ocrx_word' id='word_1_123' title='bbox 876 2324 1020 2397; x_wconf 83' lang='lat' dir='ltr'><strong>versibus</strong></span> <span class='ocrx_word' id='word_1_124' title='bbox 1035 2326 1089 2387; x_wconf 90' lang='lat' dir='ltr'><strong>alii</strong></span> <span class='ocrx_word' id='word_1_125' title='bbox 1109 2327 1230 2401; x_wconf 82' lang='lat' dir='ltr'><strong>numeri,</strong></span> 
     </span>
     <span class='ocr_line' id='line_1_17' title="bbox 155 2427 1232 2511; baseline 0.005 -22"><span class='ocrx_word' id='word_1_126' title='bbox 155 2427 270 2489; x_wconf 90' lang='lat' dir='ltr'><strong>similes</strong></span> <span class='ocrx_word' id='word_1_127' title='bbox 285 2427 360 2508; x_wconf 84' lang='lat' dir='ltr'><strong>illis,</strong></span> <span class='ocrx_word' id='word_1_128' title='bbox 387 2429 437 2490; x_wconf 86' lang='lat' dir='ltr'><strong>vel</strong></span> <span class='ocrx_word' id='word_1_129' title='bbox 459 2437 562 2508; x_wconf 82' lang='lat' dir='ltr'><strong>partes</strong></span> <span class='ocrx_word' id='word_1_130' title='bbox 578 2448 702 2508; x_wconf 86' lang='lat' dir='ltr'><strong>eorum,</strong></span> <span class='ocrx_word' id='word_1_131' title='bbox 728 2437 759 2489; x_wconf 89' lang='lat' dir='ltr'><strong>et</strong></span> <span class='ocrx_word' id='word_1_132' title='bbox 781 2430 1030 2490; x_wconf 79' lang='lat' dir='ltr'><strong>intermiscentur</strong></span> <span class='ocrx_word' id='word_1_133' title='bbox 1043 2440 1077 2492; x_wconf 84' lang='lat' dir='ltr'><strong>et</strong></span> <span class='ocrx_word' id='word_1_134' title='bbox 1091 2431 1232 2511; x_wconf 70' lang='lat' dir='ltr'><strong>sepulu-</strong></span> 
     </span>
     <span class='ocr_line' id='line_1_18' title="bbox 156 2531 1231 2612; baseline 0.005 -23"><span class='ocrx_word' id='word_1_135' title='bbox 156 2539 224 2609; x_wconf 90' lang='lat' dir='ltr'><strong>tur‚</strong></span> <span class='ocrx_word' id='word_1_136' title='bbox 250 2531 291 2591; x_wconf 94' lang='lat' dir='ltr'><strong>ita</strong></span> <span class='ocrx_word' id='word_1_137' title='bbox 314 2531 405 2591; x_wconf 87' lang='lat' dir='ltr'><strong>etiam</strong></span> <span class='ocrx_word' id='word_1_138' title='bbox 422 2531 584 2610; x_wconf 80' lang='lat' dir='ltr'><strong>Glyconeis</strong></span> <span class='ocrx_word' id='word_1_139' title='bbox 600 2534 708 2612; x_wconf 82' lang='lat' dir='ltr'><strong>ingens</strong></span> <span class='ocrx_word' id='word_1_140' title='bbox 724 2532 890 2594; x_wconf 89' lang='lat' dir='ltr'><strong>multitudo</strong></span> <span class='ocrx_word' id='word_1_141' title='bbox 905 2551 1054 2595; x_wconf 79' lang='lat' dir='ltr'><strong>versuum</strong></span> <span class='ocrx_word' id='word_1_142' title='bbox 1070 2535 1174 2597; x_wconf 82' lang='lat' dir='ltr'><strong>lunata</strong></span> <span class='ocrx_word' id='word_1_143' title='bbox 1187 2536 1231 2594; x_wconf 92' lang='lat' dir='ltr'><strong>in-</strong></span> 
     </span>
     <span class='ocr_line' id='line_1_19' title="bbox 156 2634 1232 2719; baseline 0.003 -23"><span class='ocrx_word' id='word_1_144' title='bbox 156 2634 297 2712; x_wconf 86' lang='lat' dir='ltr'><strong>venitur,</strong></span> <span class='ocrx_word' id='word_1_145' title='bbox 324 2635 377 2713; x_wconf 91' lang='lat' dir='ltr'><strong>qui</strong></span> <span class='ocrx_word' id='word_1_146' title='bbox 393 2635 441 2695; x_wconf 88' lang='lat' dir='ltr'><strong>vel</strong></span> <span class='ocrx_word' id='word_1_147' title='bbox 457 2636 572 2697; x_wconf 92' lang='lat' dir='ltr'><strong>similes</strong></span> <span class='ocrx_word' id='word_1_148' title='bbox 587 2637 623 2697; x_wconf 93' lang='lat' dir='ltr'><strong>iis</strong></span> <span class='ocrx_word' id='word_1_149' title='bbox 638 2637 717 2714; x_wconf 85' lang='lat' dir='ltr'><strong>sint,</strong></span> <span class='ocrx_word' id='word_1_150' title='bbox 742 2636 793 2697; x_wconf 89' lang='lat' dir='ltr'><strong>vel</strong></span> <span class='ocrx_word' id='word_1_151' title='bbox 816 2635 873 2718; x_wconf 83' lang='lat' dir='ltr'><strong>ipsi</strong></span> <span class='ocrx_word' id='word_1_152' title='bbox 895 2654 935 2696; x_wconf 84' lang='lat' dir='ltr'><strong>ex</strong></span> <span class='ocrx_word' id='word_1_153' title='bbox 950 2636 1133 2719; x_wconf 82' lang='lat' dir='ltr'><strong>Glyconeis,</strong></span> <span class='ocrx_word' id='word_1_154' title='bbox 1158 2646 1232 2718; x_wconf 82' lang='lat' dir='ltr'><strong>parte</strong></span> 
     </span>
     <span class='ocr_line' id='line_1_20' title="bbox 156 2737 1232 2818; baseline 0.006 -21"><span class='ocrx_word' id='word_1_155' title='bbox 156 2738 257 2817; x_wconf 91' lang='lat' dir='ltr'><strong>aliqua</strong></span> <span class='ocrx_word' id='word_1_156' title='bbox 274 2737 398 2818; x_wconf 83' lang='lat' dir='ltr'><strong>dempta</strong></span> <span class='ocrx_word' id='word_1_157' title='bbox 416 2740 464 2799; x_wconf 86' lang='lat' dir='ltr'><strong>val</strong></span> <span class='ocrx_word' id='word_1_158' title='bbox 480 2737 599 2818; x_wconf 88' lang='lat' dir='ltr'><strong>addita,</strong></span> <span class='ocrx_word' id='word_1_159' title='bbox 625 2748 775 2801; x_wconf 86' lang='lat' dir='ltr'><strong>constent.</strong></span> <span class='ocrx_word' id='word_1_160' title='bbox 809 2740 845 2800; x_wconf 94' lang='lat' dir='ltr'><strong>Hi</strong></span> <span class='ocrx_word' id='word_1_161' title='bbox 860 2758 972 2802; x_wconf 82' lang='lat' dir='ltr'><strong>versus</strong></span> <span class='ocrx_word' id='word_1_162' title='bbox 994 2740 1052 2801; x_wconf 85' lang='lat' dir='ltr'><strong>hoc</strong></span> <span class='ocrx_word' id='word_1_163' title='bbox 1068 2741 1135 2803; x_wconf 81' lang='lat' dir='ltr'><strong>lere</strong></span> <span class='ocrx_word' id='word_1_164' title='bbox 1156 2761 1232 2803; x_wconf 81' lang='lat' dir='ltr'><strong>cnm-</strong></span> 
     </span>
     <span class='ocr_line' id='line_1_21' title="bbox 156 2840 1230 2925; baseline 0.002 -24"><span class='ocrx_word' id='word_1_165' title='bbox 156 2859 252 2903; x_wconf 90' lang='lat' dir='ltr'><strong>mune</strong></span> <span class='ocrx_word' id='word_1_166' title='bbox 268 2840 392 2922; x_wconf 87' lang='lat' dir='ltr'><strong>habent,</strong></span> <span class='ocrx_word' id='word_1_167' title='bbox 419 2840 504 2921; x_wconf 84' lang='lat' dir='ltr'><strong>quod</strong></span> <span class='ocrx_word' id='word_1_168' title='bbox 519 2843 731 2905; x_wconf 81' lang='lat' dir='ltr'><strong>choriambum</strong></span> <span class='ocrx_word' id='word_1_169' title='bbox 747 2843 913 2925; x_wconf 82' lang='lat' dir='ltr'><strong>continent,</strong></span> <span class='ocrx_word' id='word_1_170' title='bbox 936 2843 987 2904; x_wconf 92' lang='lat' dir='ltr'><strong>alii</strong></span> <span class='ocrx_word' id='word_1_171' title='bbox 1001 2843 1076 2925; x_wconf 86' lang='lat' dir='ltr'><strong>pedi</strong></span> <span class='ocrx_word' id='word_1_172' title='bbox 1092 2846 1230 2909; x_wconf 81' lang='lat' dir='ltr'><strong>innatum.</strong></span> 
     </span>
    </p>
   </div>
   <div class='ocr_carea' id='block_1_7' title="bbox 156 3069 1236 3241">
    <p class='ocr_par' dir='ltr' id='par_1_7' title="bbox 156 3069 1236 3241">
     <span class='ocr_line' id='line_1_22' title="bbox 241 3069 1236 3153; baseline 0.003 -16"><span class='ocrx_word' id='word_1_173' title='bbox 241 3070 358 3153; x_wconf 65' lang='lat'><strong>5478.</strong></span> <span class='ocrx_word' id='word_1_174' title='bbox 392 3077 612 3138; x_wconf 87' lang='lat' dir='ltr'><strong>Vsitatissimae</strong></span> <span class='ocrx_word' id='word_1_175' title='bbox 635 3076 692 3138; x_wconf 86' lang='lat' dir='ltr'><strong>hae</strong></span> <span class='ocrx_word' id='word_1_176' title='bbox 714 3076 778 3138; x_wconf 83' lang='lat' dir='ltr'><strong>lere</strong></span> <span class='ocrx_word' id='word_1_177' title='bbox 801 3076 916 3139; x_wconf 77' lang='lat' dir='ltr'><strong>formae</strong></span> <span class='ocrx_word' id='word_1_178' title='bbox 931 3086 1015 3139; x_wconf 90' lang='lat' dir='ltr'><strong>sunt.</strong></span> <span class='ocrx_word' id='word_1_179' title='bbox 1049 3069 1153 3143; x_wconf 75' lang='lat' dir='ltr'><strong>ano</strong></span> <span class='ocrx_word' id='word_1_180' title='bbox 1168 3079 1236 3142; x_wconf 88' lang='lat' dir='ltr'><strong>bre-</strong></span> 
     </span>
     <span class='ocr_line' id='line_1_23' title="bbox 156 3197 301 3241; baseline -0.007 -1"><span class='ocrx_word' id='word_1_181' title='bbox 156 3197 301 3241; x_wconf 83' lang='lat' dir='ltr'><strong>vrssrmae</strong></span> 
     </span>
    </p>
   </div>
   <div class='ocr_carea' id='block_1_8' title="bbox 156 3294 1241 3604">
    <p class='ocr_par' dir='ltr' id='par_1_8' title="bbox 156 3294 1241 3604">
     <span class='ocr_line' id='line_1_24' title="bbox 242 3294 703 3386; baseline 0.002 -41"><span class='ocrx_word' id='word_1_182' title='bbox 242 3294 419 3386; x_wconf 43' lang='grc' dir='ltr'><strong>φαμι</strong></span> <span class='ocrx_word' id='word_1_183' title='bbox 435 3309 466 3361; x_wconf 63' lang='lat' dir='ltr'><strong>ey</strong></span> <span class='ocrx_word' id='word_1_184' title='bbox 492 3301 511 3354; x_wconf 69' lang='lat' dir='ltr'><strong>J.</strong></span> <span class='ocrx_word' id='word_1_185' title='bbox 535 3301 555 3352; x_wconf 71' lang='lat' dir='ltr'><strong>J.</strong></span> <span class='ocrx_word' id='word_1_186' title='bbox 580 3297 703 3386; x_wconf 50' lang='lat' dir='ltr'><strong>yma,</strong></span> 
     </span>
     <span class='ocr_line' id='line_1_25' title="bbox 156 3421 1241 3508; baseline 0.004 -22"><span class='ocrx_word' id='word_1_187' title='bbox 156 3439 236 3500; x_wconf 87' lang='lat' dir='ltr'><strong>quae</strong></span> <span class='ocrx_word' id='word_1_188' title='bbox 257 3430 360 3483; x_wconf 85' lang='lat' dir='ltr'><strong>tamen</strong></span> <span class='ocrx_word' id='word_1_189' title='bbox 382 3431 487 3483; x_wconf 91' lang='lat' dir='ltr'><strong>utrum</strong></span> <span class='ocrx_word' id='word_1_190' title='bbox 508 3423 588 3482; x_wconf 91' lang='lat' dir='ltr'><strong>inter</strong></span> <span class='ocrx_word' id='word_1_191' title='bbox 609 3441 642 3483; x_wconf 87' lang='lat' dir='ltr'><strong>se</strong></span> <span class='ocrx_word' id='word_1_192' title='bbox 664 3430 856 3503; x_wconf 84' lang='lat' dir='ltr'><strong>permutatae</strong></span> <span class='ocrx_word' id='word_1_193' title='bbox 872 3421 1003 3502; x_wconf 79' lang='lat' dir='ltr'><strong>luerint,</strong></span> <span class='ocrx_word' id='word_1_194' title='bbox 1030 3443 1073 3486; x_wconf 91' lang='lat' dir='ltr'><strong>an</strong></span> <span class='ocrx_word' id='word_1_195' title='bbox 1089 3446 1170 3508; x_wconf 85' lang='lat' dir='ltr'><strong>non,</strong></span> <span class='ocrx_word' id='word_1_196' title='bbox 1194 3427 1241 3489; x_wconf 86' lang='lat' dir='ltr'><strong>in-</strong></span> 
     </span>
     <span class='ocr_line' id='line_1_26' title="bbox 157 3525 1240 3604; baseline 0.004 -20"><span class='ocrx_word' id='word_1_197' title='bbox 157 3534 274 3586; x_wconf 79' lang='lat' dir='ltr'><strong>certum</strong></span> <span class='ocrx_word' id='word_1_198' title='bbox 301 3526 490 3604; x_wconf 87' lang='lat' dir='ltr'><strong>relinquam,</strong></span> <span class='ocrx_word' id='word_1_199' title='bbox 521 3543 618 3604; x_wconf 90' lang='lat' dir='ltr'><strong>quum</strong></span> <span class='ocrx_word' id='word_1_200' title='bbox 646 3525 705 3586; x_wconf 92' lang='lat' dir='ltr'><strong>sibi</strong></span> <span class='ocrx_word' id='word_1_201' title='bbox 732 3534 874 3586; x_wconf 84' lang='lat' dir='ltr'><strong>accurate</strong></span> <span class='ocrx_word' id='word_1_202' title='bbox 900 3527 1091 3604; x_wconf 83' lang='lat' dir='ltr'><strong>respondere</strong></span> <span class='ocrx_word' id='word_1_203' title='bbox 1117 3532 1240 3595; x_wconf 70' lang='lat' dir='ltr'><strong>soleant.</strong></span> 
     </span>
    </p>
   </div>
   <div class='ocr_carea' id='block_1_9' title="bbox 157 3625 958 4281">
    <p class='ocr_par' dir='ltr' id='par_1_9' title="bbox 157 3625 958 4281">
     <span class='ocr_line' id='line_1_27' title="bbox 158 3625 958 3711; baseline 0.005 -24"><span class='ocrx_word' id='word_1_204' title='bbox 158 3625 232 3687; x_wconf 90' lang='lat' dir='ltr'><strong>Vide</strong></span> <span class='ocrx_word' id='word_1_205' title='bbox 248 3637 350 3689; x_wconf 90' lang='lat' dir='ltr'><strong>tamen</strong></span> <span class='ocrx_word' id='word_1_206' title='bbox 366 3627 383 3711; x_wconf 80' lang='lat'>§</span> <span class='ocrx_word' id='word_1_207' title='bbox 402 3630 473 3689; x_wconf 87' lang='grc'><strong>493.</strong></span> <span class='ocrx_word' id='word_1_208' title='bbox 500 3628 593 3707; x_wconf 87' lang='lat' dir='ltr'><strong>Soph.</strong></span> <span class='ocrx_word' id='word_1_209' title='bbox 612 3626 688 3688; x_wconf 89' lang='lat' dir='ltr'><strong>Oed.</strong></span> <span class='ocrx_word' id='word_1_210' title='bbox 709 3627 772 3691; x_wconf 84' lang='lat' dir='ltr'><strong>Col.</strong></span> <span class='ocrx_word' id='word_1_211' title='bbox 794 3630 865 3690; x_wconf 70' lang='lat' dir='ltr'><strong>l28.</strong></span> <span class='ocrx_word' id='word_1_212' title='bbox 887 3632 958 3693; x_wconf 85' lang='grc'><strong>466.</strong></span> 
     </span>
     <span class='ocr_line' id='line_1_28' title="bbox 243 3738 603 3832; baseline 0.008 -24"><span class='ocrx_word' id='word_1_213' title='bbox 243 3738 466 3832; x_wconf 63' lang='lat' dir='ltr'><strong>denudandae</strong></span> <span class='ocrx_word' id='word_1_214' title='bbox 488 3741 603 3832; x_wconf 77' lang='grc' dir='ltr'><strong>λέγειν.</strong></span> 
     </span>
     <span class='ocr_line' id='line_1_29' title="bbox 242 3844 581 3938; baseline 0 -26"><span class='ocrx_word' id='word_1_215' title='bbox 242 3844 382 3935; x_wconf 76' lang='grc' dir='ltr'><strong><em>ῥεύματι</em></strong></span> <span class='ocrx_word' id='word_1_216' title='bbox 404 3846 581 3938; x_wconf 75' lang='grc' dir='ltr'><strong>συντρέχει.</strong></span> 
     </span>
     <span class='ocr_line' id='line_1_30' title="bbox 157 3970 541 4050; baseline 0.013 -21"><span class='ocrx_word' id='word_1_217' title='bbox 157 3970 263 4050; x_wconf 88' lang='lat' dir='ltr'><strong>Eurip.</strong></span> <span class='ocrx_word' id='word_1_218' title='bbox 283 3972 354 4032; x_wconf 85' lang='lat' dir='ltr'><strong>Hac.</strong></span> <span class='ocrx_word' id='word_1_219' title='bbox 376 3975 448 4035; x_wconf 90' lang='grc'><strong>637.</strong></span> <span class='ocrx_word' id='word_1_220' title='bbox 469 3975 541 4035; x_wconf 87' lang='grc'><strong>646.</strong></span> 
     </span>
     <span class='ocr_line' id='line_1_31' title="bbox 243 4082 504 4175; baseline 0.019 -24"><span class='ocrx_word' id='word_1_221' title='bbox 243 4083 339 4164; x_wconf 77' lang='grc' dir='ltr'><strong><em>ἅλιος</em></strong></span> <span class='ocrx_word' id='word_1_222' title='bbox 362 4082 504 4175; x_wconf 76' lang='grc' dir='ltr'><strong>αὕγάζει.</strong></span> 
     </span>
     <span class='ocr_line' id='line_1_32' title="bbox 242 4185 631 4281; baseline 0.013 -28"><span class='ocrx_word' id='word_1_223' title='bbox 242 4191 371 4266; x_wconf 76' lang='grc' dir='ltr'><strong><em>παῖδας</em></strong></span> <span class='ocrx_word' id='word_1_224' title='bbox 392 4185 474 4281; x_wconf 79' lang='grc' dir='ltr'><strong>ἀνὴρ</strong></span> <span class='ocrx_word' id='word_1_225' title='bbox 496 4190 631 4277; x_wconf 80' lang='grc' dir='ltr'><strong>βούτας.</strong></span> 
     </span>
    </p>
   </div>
   <div class='ocr_carea' id='block_1_10' title="bbox 0 0 1407 4912">
    <p class='ocr_par' dir='ltr' id='par_1_10' title="bbox 0 0 1407 4912">
     <span class='ocr_line' id='line_1_33' title="bbox 0 0 1407 4912; baseline 0 0"><span class='ocrx_word' id='word_1_226' title='bbox 0 0 1407 4912; x_wconf 95' lang='lat' dir='ltr'><strong> </strong></span> 
     </span>
    </p>
   </div>
  </div>
 </body>
</html>
