2804 4912
156 294 218 354 204
525 328 538 337 -
553 309 608 350 mu.
630 309 673 349 ιιι.
693 307 755 348 cnr.
774 307 838 348 ιιιιι.

155 475 263 527 natura
285 465 393 542 exigit,
419 471 501 523 recte
522 463 614 523 etiam
636 459 863 523 diversissimae
885 458 1087 540 longitudinis
1102 455 1255 527 memb-

155 569 350 649 copulantur:
376 563 617 644 utin‘heschyli
632 565 729 626 Prom.
752 568 823 626 t83.

240 689 291 772 πᾷ
313 680 398 749 ποτὲ
419 682 523 749 τῶνδε
544 678 656 749 πόνων

241 784 301 876 χρή
315 783 362 854 ’σε
384 783 489 872 τέρμα
511 782 585 853 κέλ-

241 884 330 958 σαντ’
354 887 488 968 ἐςιδεῖν·
518 882 658 978 ἀκίχητα
681 885 742 976 γὰρ
764 882 856 976 ἤθεα
878 890 936 956 καὶ
958 889 1038 976 κέαρ
1063 883 1255 976 ἀπαράμ-

605 997 672 1058 {lov
694 988 761 1074 ἔχει
787 991 916 1079 Κρόνου
941 998 1033 1072 παῖς.

240 1202 356 1285 §562
388 1208 438 1266 De
454 1204 631 1285 pondere
652 1224 718 1286 cap.
739 1224 804 1285 seq.
825 1207 953 1266 seorsim
970 1205 1099 1267 dicetur.
1126 1204 1200 1268 Sed
1253 1262 1255 1267 .

155 1309 416 1389 melopoeiam
439 1309 572 1389 pertinet
593 1318 624 1369 et
645 1308 933 1388 paracatalogc
961 1306 999 1369 de
1022 1328 1085 1389 qua
1112 1307 1255 1376 dietm

155 1411 192 1496 ἓξ
210 1414 259 1472 53.
280 1413 351 1474 268.
371 1421 402 1473 et
422 1431 557 1492 pausa,
577 1411 615 1472 de
631 1430 692 1491 qua
708 1410 744 1494 §§
762 1411 811 1473 52.
832 1421 863 1473 et
879 1414 951 1473 599.

575 1781 688 1851 cAP.
707 1781 820 1850 XHI.

225 1935 282 2004 De
309 1933 476 2018 orthio,
506 1933 721 2004 trochaeo
749 1941 967 2017 semente,
996 1954 1158 2026 paeone

600 2054 793 2147 epibato.

240 2222 355 2304 5563.
393 2224 498 2286 Musici
527 2243 704 2286 mensuram
724 2235 898 2305 temporum
920 2223 1056 2287 subinde
1080 2226 1125 2286 vel
1144 2241 1210 2286 acoe
1247 2206 1255 2219 '¹

155 2329 310 2407 lenibant,
338 2327 386 2390 vel
407 2326 586 2407 tardabant,
613 2347 693 2408 quae
716 2329 792 2391 ratio
814 2317 926 2413 ἀγωγὴ
949 2327 1130 2392 vocabatur:
1152 2323 1211 2389 uude

155 2432 236 2494 idern
251 2450 307 2511 pes
322 2431 393 2492 alibi
410 2432 505 2493 multo
522 2431 662 2510 brevior,
689 2430 761 2492 alibi
784 2431 880 2493 mrdto
901 2429 1018 2493 tardior
1036 2440 1110 2492 erat.
1141 2431 1212 2490 Prae·

154 2546 237 2598 terea
261 2554 333 2597 vero
356 2537 448 2596 etiam
472 2536 625 2597 mensuris
647 2534 814 2597 utebantur
833 2534 977 2614 pluribus
1003 2555 1098 2615 quam
1123 2528 1214 2596 metrici

159 2640 199 2723 [v.
219 2639 236 2724 ξ
254 2637 341 2721 29.);
368 2640 399 2699 ιιι
422 2658 484 2719 quo
504 2658 614 2720 genere
637 2638 850 2701 memorabiles
871 2645 945 2700 sunt
964 2638 1061 2719 pedes
1082 2637 1215 2701 orthius

154 2752 185 2804 et
214 2743 432 2805 trochaeus
462 2751 684 2821 semantus,
722 2761 854 2822 quorum
884 2752 1017 2823 uterque
1048 2763 1087 2804 ex
1115 2740 1217 2804 duabus

154 2846 303 2926 partibus,
327 2866 389 2907 una
405 2855 561 2926 quattuor,
586 2846 680 2907 altera
695 2854 761 2907 octo
778 2854 951 2926 temporum
967 2846 1136 2927 constabat,
1158 2845 1218 2906 bre-

97 2960 99 2965 ’
156 2951 237 3011 viorc
253 2952 386 3031 partein
409 2951 532 3012 orthio
552 2948 769 3031 praecedente,
796 2951 827 3010 in
849 2950 1039 3011 trochaeo
1060 2956 1220 3012 semanto

154 3062 319 3132 sequente:
346 3052 431 3115 unde
454 3054 519 3133 hic,
546 3063 581 3116 ut
601 3054 703 3134 ipsum
719 3071 832 3114 nomen
852 3051 981 3132 indicat,
1008 3055 1162 3133 trochaeo,
1183 3051 1223 3112 ille

155 3133 258 3220 autem
274 3157 376 3218 iambo
391 3157 499 3218 similis
515 3166 571 3219 est.
789 3141 795 3152 ⁵

238 3360 358 3443 5564.
397 3365 457 3425 llos
483 3363 580 3445 pedes
603 3364 660 3424 etsi
683 3366 819 3443 metrici,
851 3367 903 3444 qui
926 3366 1023 3427 solam
1050 3365 1227 3442 syllabarum

154 3486 330 3529 mensuram
353 3468 535 3548 respiciunt,
562 3467 637 3528 nihil
653 3478 777 3546 curant,
803 3477 905 3529 tamen
930 3478 977 3530 est
999 3469 1053 3532 uhi
1076 3481 1229 3550 usmpatos

152 3591 204 3633 eos
220 3591 288 3633 esse
304 3573 371 3652 ipsa
388 3590 534 3634 versuum
557 3573 633 3633 ratio
656 3582 813 3632 monstret.
847 3574 923 3632 Nam
939 3591 1037 3652 quum
1054 3575 1086 3635 in
1102 3573 1229 3654 quibus-

153 3674 224 3738 dam
246 3659 441 3755 stropharum
463 3674 628 3756 generibus
649 3695 731 3738 unus
747 3675 848 3739 duove
863 3675 994 3757 spondei
1016 3678 1058 3739 ita
1080 3679 1171 3757 positi
1185 3695 1231 3745 rer

152 3780 326 3859 periantur,
354 3788 404 3857 ut,
430 3780 456 3840 si
472 3798 665 3841 communem
685 3798 862 3842 mensuram
878 3780 1028 3860 habeant,
1055 3781 1231 3863 comparatio

152 3883 361 3945 membrorum
378 3883 426 3946 vel
442 3885 591 3963 insolens,
617 3885 666 3945 vel
682 3885 773 3946 etiam
789 3884 892 3963 inepta
908 3885 1052 3962 exsistat,
1080 3904 1232 3967 quumque

152 4006 204 4048 eos
227 3987 379 4067 spondeos
400 3989 462 4050 lere
486 3989 516 4048 ιιι
533 3988 691 4050 vocabulis
714 3989 805 4049 etiam
828 3987 868 4050 ad
891 4006 1017 4049 sensum
1040 3990 1190 4070 gravibus
1207 3998 1233 4050 et

153 4109 294 4171 magnam
322 4093 383 4152 vim
409 4091 597 4154 habentibus
620 4090 761 4154 adhiberi
788 4090 967 4152 videamus:
998 4105 1232 4158 cousentaneum

153 4203 215 4275 est,
241 4195 434 4274 existimare,
460 4214 522 4256 non
537 4214 604 4258 esse
623 4214 675 4258 eos
692 4195 833 4276 vulgares
849 4195 1003 4276 spondeos
1018 4205 1233 4277 quaternorum
