2804 4912
362 271 399 312 DB
415 269 587 312 TROGHMCIS
604 269 803 311 assaumis
819 268 1031 311 carascrlcrs.
1202 252 1242 313 39

231 421 263 503 ,ᾖ
279 419 354 485 121.
381 423 554 485 Solutiones
578 424 735 503 longarum
756 422 979 502 frequentiores
998 430 1074 484 sunt
1097 423 1242 501 inprime

152 529 304 607 cuiusque
320 525 480 607 dipodiae,
507 546 600 607 quam
624 528 656 588 in
676 525 814 588 secundo
829 524 927 605 pede,
953 527 1024 606 quia
1044 526 1172 588 suavius
1187 545 1242 587 re-

153 631 287 692 mittitur
301 629 348 691 vis
364 629 502 708 numeri,
528 648 621 710 quam
637 639 776 710 augetur.
812 627 976 710 Tragoedia
992 630 1156 708 recentior,
1177 638 1242 690 orta

153 736 234 795 circa
242 734 291 794 01.
303 733 464 794 LXXXIX.
480 740 516 794 ut
525 735 650 797 omnino
666 733 866 814 negligentior
880 733 911 793 in
927 732 1074 811 numeris,
1093 733 1133 794 ita
1148 733 1242 794 etiam

155 834 319 899 immodica
335 836 366 897 in
381 835 587 898 solutionibus
601 845 663 915 est,
689 845 725 899 ut
745 836 824 898 adeo
845 834 1016 915 disyllabos
1031 855 1123 898 voces
1135 837 1166 897 in
1182 838 1242 898 tri-

153 940 306 1003 brachum
321 937 505 1000 aduritteret.
540 941 645 1022 Eurip.
664 941 718 1002 Or.
739 938 811 1000 736.

239 1045 387 1135 χρόνιος·
403 1040 475 1112 ἀλλ’
491 1043 582 1131 ὅμως
595 1043 735 1131 τάχιοτα
750 1043 853 1125 κακὸς
867 1041 1032 1137 ἐφωράθη
1048 1042 1173 1138 φίλοις.

156 1166 222 1226 Non
239 1164 297 1225 hoc
311 1162 509 1226 indulserunt
529 1163 589 1225 sibi
605 1165 808 1244 antiquiores,
834 1164 893 1224 nisi
913 1164 945 1224 in
965 1164 1243 1247 praepositionibus

156 1279 187 1330 et
201 1268 270 1329 aliis
286 1266 476 1347 quibusdam
492 1276 573 1328 arcto
589 1268 760 1329 coniunctis
772 1266 887 1345 verbis,
908 1275 943 1328 ut
958 1259 1017 1328 διά
1032 1267 1153 1343 κακῶν,
1169 1261 1188 1329 d
1203 1261 1243 1331 dd

154 1364 296 1445 τοιόςδε.
334 1370 401 1431 Non
421 1389 605 1432 numerosus
626 1380 673 1433 cst
695 1370 870 1452 Epicharmi
891 1388 999 1432 versus
1021 1369 1105 1450 apud
1127 1368 1238 1433 Athen.

154 1477 217 1538 vll
237 1492 269 1553 p.
284 1474 356 1534 alo.
375 1474 407 1534 F.

240 1571 535 1668 μεγαλοχάσμονάς
549 1604 585 1648 τι
599 1576 718 1664 χάννας
738 1575 1112 1671 κήκτραπελογάστορας
1132 1574 1239 1661 ὅνους.

153 1697 360 1761 Scribendum
383 1689 768 1781 κήκτράτισλογάστρουςῑ
794 1696 832 1758 ο1.
858 1697 954 1759 (ilem.
979 1694 1065 1759 Alex.
1092 1700 1238 1778 Protrept.

155 1804 234 1864 ιιι.
254 1800 371 1881 pue.
1117 1819 1120 1823 J

242 2003 358 2087 5122.
393 2007 533 2087 Tragicos
555 2017 626 2070 ante
652 2007 789 2069 ultimam
811 2005 967 2087 dipodiam
989 2027 1051 2068 non
1078 2009 1242 2071 terminare

157 2109 288 2173 verbum
305 2109 502 2190 expluribus
518 2110 647 2190 syllabis
662 2119 804 2173 constans
820 2112 852 2172 in
864 2111 1015 2190 syllabam
1032 2110 1162 2191 longam,
1181 2112 1243 2173 ob-

163 2215 293 2277 servavit
304 2214 455 2274 Porsonus
466 2214 497 2274 in
508 2214 604 2295 prael.
620 2213 661 2276 ad
673 2215 779 2295 Eurip.
796 2215 866 2275 Hec.
882 2233 913 2293 p.
928 2217 977 2276 13.
1004 2215 1118 2278 Comici
1134 2213 1167 2276 id
1181 2235 1242 2277 non
1333 2278 1335 2282 .

160 2316 303 2380 dubitant
316 2315 431 2394 lacere,
451 2325 487 2377 ut
500 2314 653 2396 Aristopb.
688 2315 769 2378 Nub.
789 2315 861 2378 577.

246 2425 389 2490 πλεῖστα
405 2420 466 2510 γάρ
482 2428 573 2491 θεῶν
589 2419 746 2492 ἁπάντων
761 2418 973 2514 ὠφελούσαις
987 2421 1048 2514 τὴν
1064 2420 1173 2491 πόλιν.

156 2544 193 2603 ln
208 2541 316 2619 Eurip.
338 2541 402 2602 Hel.
425 2538 517 2600 toll.

247 2637 380 2737 σῖντσρὴ
397 2642 472 2735 δίκη
487 2643 613 2714 κελεύοι
627 2642 673 2731 μ’·
688 2641 760 2714 άλλ’
776 2641 964 2737 άφίσταοθ’
980 2646 1144 2730 ἐκποδών,

157 2755 321 2851 άφίστασ’
344 2762 542 2826 scribendum
565 2765 689 2843 putavit
703 2765 870 2844 Personas,
897 2763 952 2826 ubi
975 2773 1078 2825 tamen
1102 2765 1240 2843 fortasse,

158 2878 197 2930 ut
211 2870 243 2929 in
259 2869 396 2929 trimetro
411 2867 540 2928 iambico
563 2866 642 2928 infra
664 2866 880 2943 ostendemus,
908 2869 1114 2946 interpunctio
1136 2869 1240 2947 maior,

158 2991 241 3053 quae
257 2969 423 3052 praecedit,
442 2971 670 3032 excusationem
686 2971 783 3033 affert.

248 3177 272 3258 ᾗ
289 3175 363 3242 123.
390 3177 552 3256 Dactylum
575 3176 786 3258 iambographi
804 3186 836 3239 et
857 3178 963 3258 tragici
985 3197 1047 3240 non
1062 3178 1122 3239 nisi
1136 3178 1168 3238 in
1183 3195 1245 3240 no-

160 3283 244 3343 mine
260 3282 384 3361 proprio
399 3279 607 3356 admiserunt;
633 3290 665 3342 et
678 3281 828 3366 recentior
842 3281 968 3361 quidem
983 3280 1137 3362 tragoedia
1153 3281 1245 3342 etiam

160 3385 222 3464 ibi,
243 3384 297 3446 ubi
310 3385 369 3445 alia
385 3385 580 3445 collocatione
597 3383 762 3446 verborum
777 3385 884 3447 evitari
900 3384 1040 3466 dactylus
1055 3393 1191 3466 poterat,
1211 3393 1246 3446 ut

160 3489 236 3549 Eur.
256 3488 307 3547 Or.
326 3488 419 3547 t536.

250 3590 403 3681 σύγγονόν
417 3589 444 3660 τ’
461 3589 554 3682 ἐμήν,
577 3590 737 3682 Πυλάδην
751 3619 788 3662 τι
802 3594 860 3662 τὸν
875 3592 956 3662 τάδε
976 3593 1162 3684 ξυνδρῶντά
1175 3619 1245 3679 μοι.
1331 3644 1333 3648 »

159 3709 312 3772 Eamdem
335 3712 519 3772 comicorum
543 3711 637 3772 luisse
652 3713 847 3773 severitatem
866 3721 947 3773 recte
963 3711 1120 3774 contendit
1134 3714 1245 3773 Perso-

159 3833 223 3875 nus
239 3815 258 3874 1,
278 3813 298 3874 l.
319 3813 567 3894 emendandique
583 3823 657 3877 sunt
671 3832 780 3876 versus
796 3815 895 3894 qualis
910 3816 942 3874 in
958 3811 1089 3876 acham.
1112 3817 1182 3876 318.

249 3918 334 4007 ὑπὲρ
352 3918 506 4011 ἐπιξήνου
523 3918 656 4012 θελήσω
671 3918 728 4011 τὴν
742 3919 886 4012 κεφαλὴν
901 3917 983 4004 ἔχων
997 3919 1112 4009 λέγειν.

163 4038 220 4103 ubi
244 4046 346 4098 tamen
362 4038 560 4100 vehementer
579 4048 737 4118 erranmt,
763 4040 816 4118 qui
831 4030 948 4123 κσβλὴν
966 4038 1060 4101 scribi
1075 4039 1241 4101 iusserunt.

160 4143 231 4204 Non
246 4141 350 4213 minus
365 4159 493 4204 severus
507 4150 556 4205 est
565 4142 785 4223 Epicharmos:
803 4140 860 4205 sed
874 4158 936 4205 non
950 4143 1072 4207 suntin
1085 4143 1155 4205 eius
1169 4160 1246 4204 ver-
