2804 4912
160 285 222 355 '146
536 312 593 353 nm.
613 313 645 355 11.
676 311 738 353 em.
757 311 864 375 unm.

161 466 216 525 Hic
236 466 327 526 etiam
348 466 380 524 in
403 466 500 545 prima
522 465 595 526 sede
614 465 778 527 Molossum
799 466 917 544 posuit,
943 475 988 544 et,
1015 464 1104 545 quod
1124 465 1249 527 Graecis

161 585 222 628 non
237 567 332 647 licr1it,
352 568 451 629 ultimi
467 569 599 629 trochaei
614 570 697 629 arsin
713 569 813 647 solvit,
833 570 914 630 utin
929 564 1000 629 Aul.
1020 568 1055 629 ll.
1078 569 1108 648 l,
1129 571 1183 630 30.

247 690 313 750 aaa
330 688 382 750 lte
395 688 474 769 fuce,
493 687 571 770 qued
586 688 665 752 iubet
678 692 774 751 sorar.
792 690 820 750 si
836 686 945 768 lubeat,
967 686 1096 768 faciam.

159 810 379 888 Praetereaque
394 809 578 890 tenendum,
604 810 771 871 solutiones
791 819 896 871 utrum
918 809 980 870 sint
993 808 1087 889 pedis
1102 809 1198 869 loniei
1212 828 1250 870 an

160 912 388 992 machaeorum,
412 913 497 1000 apud
512 915 634 975 Latinos
653 933 693 974 ex
707 922 836 975 accentu
852 912 1075 976 vocabulorum
1093 913 1246 992 cognosci.

159 1015 266 1077 Graeci
289 1016 397 1077 comici
411 1035 473 1078 non
496 1016 641 1078 videntur
661 1019 711 1079 usi
732 1017 789 1078 hoe
808 1024 905 1078 metro
920 1035 1003 1096 esse,
1029 1015 1131 1077 multu
1148 1016 1249 1077 minus

158 1120 273 1199 tragici,
293 1129 347 1180 aut
362 1121 483 1199 gravior
496 1122 599 1201 poesis
613 1121 719 1201 lyrica.

531 1474 643 1543 cnr.
660 1445 869 1542 mvn.

448 1623 507 1694 De
534 1625 699 1695 lonicis
727 1646 747 1694 a
773 1623 942 1693 minori.

244 1790 359 1874 5428.
393 1795 493 1856 Etiam
515 1797 548 1855 in
563 1795 671 1856 Ionicis
686 1812 704 1854 a
720 1794 830 1854 minori
851 1792 981 1854 multum
1005 1780 1246 1856 avera'rations

158 1897 342 1959 aberrarunt
367 1899 566 1979 grammatici.
606 1898 665 1970 Qui
696 1898 722 1959 si
746 1897 803 1958 hos
834 1916 942 1959 versus
967 1897 1025 1958 hoc
1052 1906 1158 1959 metro
1184 1915 1245 1959 esse

156 2009 282 2079 putant:

242 2106 379 2197 μεγάλῳ
403 2101 432 2172 δ’
455 2099 533 2197 ariae
551 2103 587 2193 μ’
612 2105 694 2195 ἔρως
716 2105 849 2199 ἔκοψεν,
873 2105 954 2186 aigae
974 2104 1131 2191 χαλκεύς,

244 2209 387 2293 πελέκει,
410 2207 559 2301 χειμερίῃ
583 2207 613 2277 ‹5'
637 2209 770 2279 ἔλουσεν
792 2210 826 2279 ἐν
847 2208 1007 2301 χαράδρῃ,

156 2335 188 2387 et

244 2431 448 2518 ζαελεξάμαν
470 2427 550 2523 ὄναρ
573 2389 804 2527 Κοπρογενήᾳ,

155 2558 187 2611 ei

242 2649 312 2724 iimo
337 2681 397 2744 μοι
418 2662 538 2726 θανεῖν
559 2653 695 2748 γένοιτ’·
720 2654 760 2726 οὗ
782 2656 843 2748 γὰρ
866 2653 907 2727 iv
929 2653 1013 2750 itin

242 2757 335 2840 λύσις
358 2761 393 2829 ἐκ
415 2760 528 2829 πόνων
549 2758 665 2851 γένοιτ’
690 2757 822 2848 οὐδαμὰ
844 2765 959 2846 τῶνδε,

154 2886 186 2938 et

240 2983 334 3073 παρὰ
357 2980 387 3051 δ’
408 2976 486 3075 ariae
507 2985 756 3075 Πυθόμανδρον
778 2985 918 3055 κατέδον
940 2984 1047 3076 ἔρωτα
1071 2985 1212 3079 φεύγων,

154 3120 228 3172 sunt
242 3111 285 3171 illi
301 3111 427 3190 quidem
444 3113 559 3195 similes
574 3114 692 3193 ionicis,
714 3113 770 3174 sed
785 3132 930 3174 numeros
944 3112 1063 3175 habent
1077 3113 1166 3195 alios,
1183 3110 1232 3173 nisi

85 3239 88 3243 ’
153 3213 237 3293 quod
251 3215 370 3294 primus
385 3215 496 3277 horum
511 3216 551 3276 ab
566 3218 651 3278 initio
667 3218 786 3278 lonicus
802 3226 867 3279 est:

239 3324 313 3372 wl.
327 3323 367 3410 ,Α
378 3323 383 3409 Ι
395 3326 470 3373 wL
483 3325 488 3410 Ι
501 3323 671 3374 υέυ.υ..ῦ
1275 3286 1281 3325 l

152 3437 307 3501 Numerus
329 3439 411 3498 enim
434 3439 555 3500 lonicus
576 3459 593 3500 a
617 3441 726 3503 minori
748 3441 871 3504 inversa
893 3441 1026 3522 ratione,
1051 3459 1150 3522 quam
1164 3441 1231 3505 aller

41 3529 44 3533 ’
152 3542 283 3621 lonicus,
302 3542 489 3621 compositus
504 3550 605 3603 estex
619 3552 786 3625 anapaesto
801 3553 832 3605 et
847 3546 907 3605 arsi
923 3527 1025 3606 nuda:

238 3671 254 3696 u
264 3651 313 3698 υ-’
326 3650 330 3737 l
343 3652 366 3699 .'
679 3716 682 3720 b

66 3818 69 3824 .
151 3764 331 3845 Eodemque
347 3765 446 3846 mode,
466 3767 547 3829 utin
562 3768 624 3847 illo,
650 3769 762 3850 singuli
778 3767 873 3848 pedes
889 3787 981 3831 suum
997 3768 1058 3832 sibi
1072 3784 1229 3833 numerum

151 3867 283 3948 habent,
309 3889 410 3950 neque
429 3868 511 3934 inter
525 3890 559 3933 se
573 3881 812 3953 perpetuantur,
837 3874 910 3950 quia
933 3874 976 3934 sic
998 3875 1031 3935 in
1046 3873 1229 3937 cheriem

150 3969 263 4033 abituri
278 3982 399 4034 essent:

234 4083 309 4130 wl.
322 4081 327 4169 l
339 4083 363 4129 .'
376 4081 382 4170 Ι
396 4084 471 4132 vul.
482 4083 488 4170 Ι
500 4086 524 4134 .'.

235 4185 364 4272 νιν-’,Δ
396 4187 525 4273 κου-,Δ
