2804 4912
536 337 574 380 nn
588 335 721 380 versum
737 337 879 381 moriers.
1192 319 1252 379 115

150 506 394 570 quemcumque
416 489 529 570 pedem
553 489 749 571 disyllabum.
782 489 831 550 Er
852 507 914 569 quo
936 496 1078 570 apparet,
1103 507 1172 551 esse
1194 489 1250 552 hos

151 610 278 655 versus
304 592 471 674 dactylicos
492 614 562 657 cum
584 593 661 656 basi.
699 594 881 655 Scholiastcs
903 592 1134 671 Hephaestionis
1157 612 1188 674 p.
1210 594 1249 653 90

160 695 189 778 (l
199 695 269 777 77).
289 699 380 760 otiam
395 694 549 778 spondeos
563 716 619 778 prc
634 696 764 777 dactylis
779 698 923 778 agnoscit.
949 695 1100 759 Videntur
1114 695 1177 760 duc
1192 715 1250 776 ge-

152 817 241 862 nera
257 800 471 863 constituenda
485 821 553 864 esse
574 802 684 863 horum
699 819 858 880 versuum,
884 800 925 882 id,
951 819 1012 881 quc
1027 801 1135 863 Dorica
1150 801 1251 880 poesis

155 921 222 965 usa
239 913 297 983 est,
323 923 417 985 quam
433 905 557 986 sequuti
571 913 645 967 sunt
659 905 771 967 scenici
785 914 892 985 poetae
907 902 1088 983 Atticorum,
1115 912 1146 964 et
1160 901 1247 983 illud,

156 1004 253 1087 quod
273 1006 438 1071 Accienses
460 1008 549 1089 lyrici
573 1017 774 1090 usurparunt.
811 1009 917 1071 Dorica
942 1008 993 1069 illa
1019 1008 1121 1089 poesis
1143 1027 1161 1069 a
1183 1005 1252 1068 basi

156 1110 379 1191 pyrrhichium
399 1110 549 1191 excludit,
576 1111 649 1174 solis
670 1111 790 1191 iambo,
816 1112 973 1190 trochaeo,
998 1109 1136 1193 spondeo
1150 1109 1251 1171 locum

160 1212 355 1294 concedens,
381 1223 451 1297 post
471 1214 560 1278 basin
574 1223 679 1276 autem
698 1234 754 1297 pro
769 1214 899 1296 dactylis
915 1216 1008 1277 etiam
1028 1211 1182 1293 spondeos
1196 1231 1253 1275 re-

159 1317 295 1396 cipiens.
327 1317 494 1381 Accienses
513 1337 587 1381 vero
606 1319 697 1381 etiam
712 1319 924 1399 pyrrhichium
938 1319 971 1379 in
986 1317 1053 1379 basi
1068 1325 1248 1398 posuerunt,

160 1428 287 1483 ceteros
307 1421 403 1503 pedes
425 1421 571 1484 videntur
592 1440 687 1502 puros
706 1421 844 1504 dactylos
865 1439 1015 1483 servasse.
1048 1420 1083 1482 V.
1104 1419 1253 1481 Theocriti

161 1541 296 1586 carmen
318 1527 425 1586 XXIX.
467 1527 579 1588 Iniuria
600 1526 657 1589 hos
677 1535 783 1606 poetas
809 1523 1007 1604 reprehendit
1031 1523 1187 1585 Bentleius
1213 1520 1253 1584 ad

161 1628 357 1709 epigramma
378 1630 483 1690 metris
499 1630 669 1692 Horatianis
684 1630 717 1690 in
731 1629 901 1710 Pasiphaen
915 1629 1081 1711 scriptum,
1105 1624 1253 1707 deceptus

162 1749 185 1795 a
198 1730 361 1794 veteribus
377 1733 519 1794 metricis.

255 1968 373 2056 3344.
406 1973 525 2036 Genera
540 1970 732 2036 heolioorum
755 1992 903 2036 versuum
921 1974 997 2035 haec
1019 1981 1169 2036 memorat
1188 1973 1254 2036 He-

164 2077 326 2158 phaestio:
346 2078 590 2156 trimetrum,
610 2079 664 2158 qui
679 2077 792 2139 rectius
807 2076 937 2139 dimeter
952 2076 1120 2156 vocabitur,
1139 2096 1180 2139 ca
1190 2086 1255 2138 ta-

167 2180 362 2242 lecticum
383 2183 423 2242 in
444 2179 712 2263 disyllabum:

257 2300 403 2385 θυρωρῷ
423 2293 528 2377 πόδες
549 2293 775 2385 ἓπτορόγνιοι,

257 2396 301 2466 τὰ
324 2396 362 2466 δὲ
383 2395 541 2485 σάμβαλα
562 2397 775 2484 cecropidum·

259 2497 417 2592 πίονμγοι
439 2501 477 2571 δὲ
499 2497 565 2572 δέκ’
588 2496 800 2586 ἑξεντόνασαν.

244 2743 377 2840 3345.
410 2759 696 2839 Tetrametrum,
722 2759 836 2820 rectius
855 2758 1043 2839 tnmeuum,
1068 2757 1256 2821 acatale-

164 2869 291 2923 ctum.
323 2861 463 2943 Sappho:

261 2972 337 3065 ἔρος
357 2971 387 3042 δ’
411 2967 490 3044 αὖτέ
510 2970 545 3060 μ’
569 2972 587 3043 ὁ
610 2971 786 3065 λυσιμελὴς
807 2975 909 3060 δονεῖ,

260 3076 482 3168 γλυκύπικρον
503 3073 675 3164 ἀμάχανον
696 3072 855 3168 donetur·

262 3179 369 3267 Acci,
397 3182 453 3250 coi
474 3179 504 3250 δ’
527 3180 648 3268 ἐμέθεν
669 3181 729 3267 μὲν
751 3177 925 3272 ἀπήχθετο

263 3281 473 3377 φροντίοδην,
497 3284 556 3354 ἐπὶ
578 3280 606 3352 δ’
630 3281 851 3376 Ἀνδρομέδαν
873 3287 970 3377 ποτῇ.

164 3410 307 3476 Alcaeus
322 3411 407 3492 apud
422 3412 521 3473 Schcl.
540 3411 654 3474 Platon.
673 3431 704 3492 p.
725 3413 775 3473 hl.

265 3518 366 3611 οἶνος,
389 3517 416 3593 ὦ
439 3523 518 3619 φίλε
539 3529 616 3611 παῖ,
638 3525 697 3594 καὶ
718 3521 861 3595 diduco.

266 3778 387 3862 5346.
423 3783 734 3861 Pentametrum,
758 3781 871 3843 rectius
892 3786 1119 3857 tetrametrum,
1143 3787 1260 3841 cata-

165 3886 373 3951 lecticum
394 3886 433 3947 in
456 3884 724 3965 disyllabum:

266 3999 330 4089 τέῳ
354 3997 395 4085 δ,
419 3992 446 4067 ὦ
469 3999 547 4093 φίλε
569 3996 706 4089 γαμβρέ,
728 3999 839 4077 καλῶς
863 3990 1026 4079 cindato,-

268 4101 394 4193 ὅρπακι
414 4106 564 4194 βράδινῷ
586 4126 624 4174 oe
644 4097 776 4190 μάλιστ’
799 4098 953 4170 thaeco.

1017 4224 1056 4275 e*
1097 4258 1101 4265 .
