2804 4912
442 329 477 370 er
494 328 664 370 cornminus
682 328 825 368 (tartareis.
1118 312 1180 372 245

136 481 207 545 iude
222 492 326 545 autem
342 483 390 543 vel
407 484 438 543 in
461 501 557 545 unum
581 491 795 562 congregatum
814 482 861 542 vel
887 482 946 542 alio
966 482 1056 543 modo
1072 481 1181 565 dispo-
1270 537 1272 541 .

137 607 189 649 um
205 588 279 649 illas-
288 587 448 667 strophas,
468 605 547 666 quae
563 588 680 648 stasimi
696 595 787 664 sunt,
807 603 926 646 canere.

181 791 296 875 5677.
330 792 597 867 Quemadmodum
626 795 803 874 stasimum,
830 791 914 873 quod
938 802 1009 874 post
1030 794 1180 874 paredum

136 907 157 976 t,
184 897 258 960 alies
281 916 375 978 quarn
402 896 553 976 paredum
583 897 689 959 modos
711 898 832 976 aliaque
863 905 959 958 metra
983 896 1096 958 hahere
1126 918 1182 979 par

136 1009 162 1079 t,
194 1003 237 1062 sic
262 1002 381 1082 singula
412 1002 610 1083 stropharum
639 1002 723 1082 paria
754 1020 815 1061 nou
845 1000 944 1061 solum
971 1003 1092 1080 metriS,
1126 1002 1182 1065 sed

136 1107 187 1164 iam
217 1104 315 1167 modis
346 1105 472 1166 musicis
502 1103 641 1183 differre,
681 1124 721 1164 ax
751 1106 816 1184 ipsa
855 1112 1021 1164 metrorum
1054 1105 1180 1167 conlur-

136 1208 227 1269 atioue
242 1211 387 1290 apparet,
406 1209 487 1270 utin
503 1206 620 1288 Oedipo
636 1209 715 1286 llege
731 1209 762 1267 iu
778 1226 813 1268 eo
830 1207 982 1285 carmine,
1002 1207 1085 1287 quod
1100 1217 1180 1271 esta

151 1311 239 1374 4486.

181 1532 296 1618 5678.
323 1537 358 1597 ln
381 1537 562 1616 tragicorum
583 1534 709 1616 parodis
730 1543 761 1595 et
780 1535 914 1596 stasimis
935 1554 1027 1616 saepe
1043 1536 1181 1599 difficul-

136 1647 189 1699 tem
204 1639 320 1701 hahent
335 1639 469 1721 epodi,
496 1657 627 1718 quarum
644 1637 809 1700 nonnullae
825 1646 908 1698 tanta
925 1647 998 1700 sunt
1014 1649 1180 1702 metrorum

136 1743 297 1804 nilitudiue
309 1745 418 1823 factae,
434 1753 469 1807 ut
479 1743 767 1824 antistrophicorum
778 1742 912 1822 speciem
925 1742 1005 1823 pene
1015 1731 1181 1806 obtrudere

136 1843 273 1909 deantur:
307 1859 342 1910 ut
367 1851 398 1909 iu
421 1847 597 1909 Prometheo
620 1865 649 1906 v.
673 1846 742 1906 lad.
764 1845 835 1906 900.
860 1846 891 1905 in
914 1846 1011 1906 Persis
1029 1848 1079 1906 93.
1121 1847 1183 1910 Sed

136 1948 287 2030 vandum,
321 1971 360 2013 ne
389 1951 466 2013 haec
488 1951 607 2033 species
630 1946 769 2010 fraudem
795 1947 895 2009 faciat.
937 1950 1012 2011 Nam
1035 1969 1126 2031 saepe
1150 1953 1182 2011 in

136 2052 202 2115 odis
225 2053 332 2116 eadem
356 2065 451 2116 metra
476 2054 621 2135 repetita,
648 2050 704 2113 sed
727 2053 822 2113 mixta
852 2053 944 2112 etiam
968 2052 1036 2113 aliis
1063 2056 1179 2134 metris,

136 2158 313 2237 veniuntur,
347 2166 383 2220 ut
409 2177 443 2217 ea
470 2177 502 2219 re
531 2153 687 2217 interdum
717 2165 820 2234 partes
845 2175 951 2217 earum
974 2155 1034 2218 sibi
1057 2158 1181 2219 similli-

136 2276 165 2320 ae
180 2262 250 2322 sint.

182 2463 299 2548 §67st
326 2470 447 2528 Praeter
468 2467 617 2548 paredum
641 2478 672 2528 et
692 2467 817 2526 stasima
842 2468 932 2526 etiam
956 2467 1013 2528 alia
1030 2467 1183 2547 quaedam

137 2571 180 2631 ori
204 2573 319 2633 cantica
342 2573 552 2651 reperiuntur,
579 2569 694 2650 quibus
717 2569 822 2630 finitur
844 2568 1000 2632 interdum
1016 2571 1179 2650 tragoedia.

136 2693 178 2734 ree
191 2657 306 2755 paredo
322 2695 415 2755 quam
431 2676 564 2736 stasimis
587 2674 729 2735 similiora
752 2682 834 2734 sunt.
862 2674 1010 2734 Constant
1025 2684 1128 2737 autem
1143 2696 1183 2736 ox

138 2778 338 2857 tistrephieiS,
364 2788 394 2838 et
410 2786 580 2856 canuntur,
606 2785 641 2839 ut
656 2774 796 2853 videtur,
823 2775 995 2856 apartibus
1012 2778 1104 2838 chori.
1140 2780 1184 2839 lta

136 2889 178 2942 rte
194 2882 226 2941 iu
242 2882 442 2962 supplicibus
457 2879 602 2960 Aeschyli
624 2879 748 2940 lactum.
782 2878 876 2941 Aliud
895 2880 1071 2961 exemplum
1087 2901 1183 2962 prae—

136 2992 172 3045 ut
186 2983 391 3062 Eumenides,
411 2984 465 3045 ubi
480 3003 540 3045 non
557 2985 593 3061 is,
614 2983 666 3062 qui
683 2980 837 3062 legitimus
854 2984 885 3042 in
900 3002 934 3043 ea
951 2982 1054 3045 fabula
1071 2985 1182 3046 chorus

136 3097 153 3167 t,
173 3084 229 3149 sed
244 3088 322 3149 alius
339 3088 396 3148 hoc
411 3088 564 3148 coroticum
581 3084 682 3146 hahet.

182 3290 297 3373 5680.
326 3294 482 3355 interdum
498 3303 528 3354 et
544 3295 648 3374 tragici
663 3301 694 3354 et
708 3295 813 3354 cornici
828 3293 912 3355 aliud
927 3313 1024 3374 genus
1040 3297 1182 3359 carminis

136 3409 266 3480 urpant,
286 3397 369 3479 quod
386 3418 424 3458 ex
441 3417 502 3459 una
518 3397 643 3479 stropha
659 3405 792 3475 constat,
812 3398 900 3459 euius
916 3399 1105 3480 antistropha
1120 3419 1183 3461 non

136 3504 218 3581 dini,
254 3501 309 3562 sod
339 3510 407 3581 post
434 3501 550 3581 aliquot
575 3509 712 3562 aetorum
735 3519 843 3561 versus
869 3509 901 3567 et
923 3501 1079 3563 interdum
1109 3505 1183 3564 satis

136 3625 205 3685 rgna
223 3605 346 3666 [abulae
369 3615 456 3684 porte
475 3606 631 3666 interiecta
653 3604 803 3682 sequitur.
839 3603 1020 3687 Huiusmodi
1041 3606 1185 3687 strophae

136 3730 181 3772 mc
204 3710 352 3788 longiores
381 3717 468 3788 sunt,
500 3717 535 3768 ut
561 3709 591 3767 in
614 3708 775 3768 Philocteta
803 3729 832 3769 v.
854 3709 925 3770 391.
951 3719 981 3769 et
1005 3711 1076 3771 507.
1119 3708 1185 3770 Ae-

136 3813 224 3892 hylus
247 3821 349 3873 autem
381 3815 411 3872 in
434 3810 676 3891 EumenidihuS,
708 3830 787 3890 quae
812 3811 915 3873 fabula
937 3813 1027 3893 plura
1052 3815 1187 3874 continet

136 3919 190 3979 ‚ius
210 3917 329 3996 generis
352 3916 510 3996 exempla,
544 3915 636 3975 etiam
665 3913 772 3975 eadem
803 3914 896 3975 verba
918 3917 1019 3976 omnia
1050 3917 1181 3996 iteravit,

136 4017 180 4080 ed
203 4020 253 4080 ille
274 4021 365 4080 etiam
387 4020 417 4078 in
439 4018 574 4080 stasimis
593 4035 827 4096 nonnumquam
851 4027 881 4078 et
896 4021 1023 4079 commis
1039 4018 1123 4100 lecit,
1151 4030 1187 4082 ut

168 4125 292 4202 Septem
327 4121 367 4184 ad
398 4121 536 4201 Thebas,
570 4122 602 4181 in
631 4119 875 4201 Agamemnone,
909 4122 940 4181 in
972 4123 1180 4203 Supplicibus.

136 4246 185 4291 me
200 4225 358 4287 breviores
374 4236 447 4288 sunt
462 4226 605 4306 strophae
621 4226 714 4305 istae,
741 4225 925 4307 compositae
947 4226 1131 4306 plerumque
1147 4246 1186 4290 ex
