2804 4912
156 277 216 337 112
546 294 603 337 nin.
622 294 655 336 u.
681 294 744 336 err.
763 295 851 338 xxm.

154 450 221 509 Non
236 454 311 508 sunt
324 448 375 509 isti
390 464 499 509 versus
515 449 590 510 Livii
607 445 784 528 Andronici,
809 447 866 509 sed
881 446 1028 509 videntur
1041 448 1136 510 laelii
1146 465 1198 529 esse,

154 569 210 631 pro
240 569 302 631 quo
328 552 448 613 Livium
476 553 668 613 nominatum
695 553 899 613 Terentianus
929 552 1097 614 invenerat.
1132 551 1200 614 laur·
1259 597 1264 636 ,

153 655 240 734 pavit
254 655 311 715 hoo
331 665 463 717 metrum
480 655 633 716 Lucianus
655 656 686 715 in
702 653 977 735 Tragodopodagra
997 674 1029 716 v.
1049 656 1117 717 3⁴2.
1132 652 1201 735 lepida
1242 682 1246 697 .

154 758 291 819 imitatus
313 759 469 820 incessum
484 757 617 820 hominis
635 759 796 838 repentino
818 757 923 819 dolore
945 777 985 819 ex
999 757 1128 838 podagra
1139 757 1200 819 olau-
1255 793 1262 815 ι

156 1205 307 1284 Exemplo
322 1207 384 1267 sint
398 1205 430 1266 hi
445 1224 572 1267 versus:

240 1313 319 1388 οὔτε
340 1321 426 1400 Διὸς
444 1323 601 1408 βρονταῖς
621 1319 821 1406 Σαλμωνάος
841 1314 936 1411 ἤρισε
956 1318 1029 1407 βία,

240 1420 300 1491 οὐκ
323 1421 438 1508 ἔρι’σας
458 1422 558 1514 ἐχάρη
583 1422 701 1512 Φοίβῳ
724 1422 867 1511 σάτυρος
887 1422 1065 1511 Μαρσύας.

239 1521 351 1618 ἤπιον,
375 1519 402 1593 ὦ
425 1525 588 1616 πάνδημα,
612 1527 729 1618 φέροις
751 1522 892 1617 άλγημα,
916 1525 1089 1615 Ποδάγρα,

238 1637 378 1722 κοῦφον,
404 1627 561 1720 ἐλαφρόν,
584 1623 718 1718 άδριμο,
741 1630 980 1717 βραχοβλαβὲς,
1003 1626 1158 1698 εάάάοιοι.

153 1757 278 1819 Correxi
294 1757 438 1818 ultimum
454 1774 590 1835 versum,
610 1757 642 1816 in
657 1774 719 1835 quo
735 1745 903 1817 dvoidoooo
918 1756 1086 1836 legebatur.

427 2257 430 2263 ’
549 2264 659 2332 OAP.
677 2262 844 2332 XXVII.

388 2432 447 2504 lle
474 2442 754 2527 pentametro
782 2431 998 2524 elegiaco.

240 2617 357 2701 5334.
390 2622 684 2683 pentametrum
700 2619 924 2699 elegiacum
940 2619 1067 2681 fuerunt
1082 2622 1204 2703 quioon·

154 2727 287 2805 positum
302 2735 450 2804 putarent
464 2744 503 2786 ex
519 2722 642 2786 duobus
657 2722 797 2803 dactylis,
813 2721 959 2803 spondeo,
975 2733 1006 2784 et
1020 2722 1144 2787 duobus
1154 2738 1209 2787 ant·

152 2829 278 2908 paestis.
310 2828 344 2890 V.
364 2828 542 2903 Quintilian.
562 2828 612 2888 lx.
635 2831 667 2906 l,
694 2830 745 2903 98.
779 2827 951 2887 Terentian.
970 2828 1067 2888 Maur.
1092 2848 1123 2910 p.
1142 2824 1211 2891 titt.

154 2931 254 2994 Schol.
274 2931 438 3012 Hephaest.
457 2951 488 3012 p.
510 2932 548 2991 ot
572 2930 668 3012 (loa).
699 2931 832 2991 (laesura
849 2947 929 3008 quae
944 2931 1134 2994 inviolabilia
1147 2930 1217 2995 aslis

153 3036 241 3096 tertia
264 3035 341 3114 arsi,
367 3034 511 3096 dubitare
533 3053 595 3094 non
618 3034 706 3109 sinit,
733 3034 808 3112 quin
828 3033 919 3093 unice
941 3052 1015 3094 vera
1037 3036 1079 3096 sit
1100 3057 1137 3098 ea
1150 3034 1238 3113 ralia*

153 3156 233 3218 quae
256 3138 472 3219 Hephaestioni
493 3136 622 3216 probata
644 3136 718 3216 luit,
745 3136 807 3198 duo
830 3137 1065 3222 πενθημιμερῆ
1092 3138 1224 3220 dactyliu

154 3243 186 3301 in
201 3241 258 3302 hoo
274 3260 368 3304 versu
383 3241 545 3303 coniuncta
561 3241 710 3302 censenti.
736 3238 798 3300 Sed
813 3258 873 3301 non
890 3248 938 3300 est
952 3239 1001 3301 hic
1015 3259 1130 3306 versus
1143 3258 1228 3325 asyn-

152 3353 286 3424 artetuS,
312 3354 348 3406 ut
361 3345 462 3427 plaoet
477 3343 706 3425 Hephaestioni,
733 3345 759 3404 si
782 3345 909 3424 quidem
924 3348 969 3408 sio
984 3366 1020 3408 ea
1036 3347 1243 3428 appellarim·

153 3448 303 3510 utendum
320 3458 376 3527 est,
402 3455 547 3528 utsupra
562 3446 580 3531 ξ
600 3447 648 3508 la.
667 3445 883 3510 iudicavimus.
917 3451 993 3511 Nam
1009 3452 1102 3513 tertia
1119 3452 1233 3515 arsisin

155 3572 215 3632 qua
238 3571 364 3613 caesura
381 3561 443 3632 est,
472 3570 573 3631 neque
589 3550 706 3613 hiatum
721 3550 872 3631 admittit,
898 3555 956 3614 nisi
972 3554 1076 3633 quiin
1093 3554 1235 3638 dactylo
1262 3602 1264 3617 .

153 3657 237 3735 poesi
253 3657 437 3717 Graecorum
459 3675 522 3716 non
538 3655 670 3716 habetur
683 3673 740 3736 pro
755 3656 858 3735 hiatu,
884 3675 986 3738 neque
1009 3655 1170 3737 syllabam
1184 3678 1237 3723 an·
1262 3634 1264 3651 Ι

153 3759 293 3840 alpium,
309 3754 396 3821 'adeo
412 3768 447 3820 ut
466 3777 591 3839 perraro
606 3758 711 3819 brevis
726 3758 844 3839 syllaba
864 3778 1011 3822 caesurae
1026 3770 1126 3841 atque
1142 3781 1238 3827 arsoos

153 3864 184 3924 vi
207 3882 243 3922 eo
265 3863 329 3953 loco
352 3860 548 3941 producatur.
587 3861 662 3924 Vide
684 3862 758 3924 diss,
779 3863 817 3924 de
840 3871 938 3926 aetate
960 3863 1058 3944 Orph.
1077 3864 1198 3950 Argon.
1214 3876 1241 3931 ot

153 3965 323 4026 laoobsium
352 3967 382 4025 in
408 3964 493 4027 Actis
519 3967 691 4028 lionaoens.
716 3967 775 4027 vol.
798 3968 825 4027 l.
852 3968 935 4029 Fasc.
959 3967 994 4029 Π.
1018 3977 1052 4029 et
1079 3971 1133 4033 lll.
1160 3982 1192 4035 et
1213 3973 1242 4033 in

152 4069 280 4150 praelat.
300 4067 340 4128 ad
355 4067 478 4129 Anthol.
493 4068 708 4149 addendisque
723 4069 763 4130 ad
778 4089 862 4146 eam;
882 4090 918 4131 ao
932 4069 1243 4139 Friedemannumin

153 4171 227 4234 diss.
248 4171 287 4233 ‹le
304 4171 403 4232 media
419 4171 537 4249 syllaba
553 4173 737 4252 pentametri
753 4173 937 4234 Graecorum
953 4174 1089 4253 elegiaci.
