2804 4912
155 310 197 350 xli
611 308 779 350 PRAEFATIO.

156 459 230 524 Alia
250 460 314 523 ianr
329 459 379 524 vel
400 479 440 524 ex
460 459 620 524 codicibus
634 460 685 524 vel
708 466 794 525 certa
814 460 993 526 coniectura
1012 460 1089 526 vitio
1109 461 1249 526 liberata

156 572 240 643 sunt,
263 573 298 630 ut
316 566 410 650 Vesp.
434 571 483 630 11.
507 567 566 650 Ep.
586 571 616 631 7.
636 570 710 632 208.
735 569 816 632 Ran.
835 571 888 631 76.
912 567 972 633 Av.
991 572 1044 632 40.
1068 568 1146 653 Lys.
1166 571 1245 632 200.

155 673 294 738 Eooloss.
322 678 392 737 110.
422 676 588 738 161108.
637 674 814 759 Singularis
844 675 923 741 ratio
953 681 1002 740 ost
1028 694 1139 741 versus
1167 678 1245 741 415.

156 781 249 846 Ρυοίυ
261 806 267 845 :

243 972 382 1038 καὶτοῦ
404 969 523 1039 κύκλου
547 971 760 1061 παρέτρωγον
780 966 838 1062 ὑφ’
862 968 1088 1061 ἆρματωλίας,

157 1182 211 1263 qui
226 1182 348 1265 speeie,
367 1202 429 1248 non
444 1201 495 1261 re,
517 1182 649 1247 vitiosus
665 1188 723 1247 est.
753 1180 837 1246 Nam
852 1202 924 1247 eum
939 1181 1049 1249 histrio
1065 1181 1093 1247 si
1109 1181 1156 1248 sie
1170 1203 1250 1267 pro-

157 1289 344 1367 nuntiasset,
362 1289 407 1353 uti
422 1288 578 1354 debebat:

245 1482 302 1549 καὶ
324 1492 384 1549 τοῦ
407 1483 526 1552 κύκλου
550 1483 763 1574 παρέτρωγον
784 1480 841 1575 ὑφ’
865 1481 1090 1571 ἁμαρτωλίας,

158 1700 242 1758 reete
257 1712 292 1759 se
307 1693 437 1758 haberet
452 1715 617 1761 numerus:
643 1694 701 1760 sed
721 1694 813 1759 iussit
828 1714 899 1759 eum
915 1700 1010 1778 poeta
1024 1695 1121 1759 veluti
1136 1695 1252 1776 lingua

157 1801 354 1867 aberrantem
379 1795 435 1888 ὑφ’
460 1796 675 1888 ἁρματωλίας
694 1802 816 1868 dicere:
842 1808 1032 1886 quapropter
1053 1802 1142 1867 illurn
1167 1801 1251 1868 haeo

158 1908 256 1972 verba
276 1909 322 1973 sie
337 1910 557 1992 pronuntiasse
579 1909 753 1993 putandum
770 1915 836 1987 est,
861 1915 896 1973 ut
917 1901 974 1997 ὑφ’
997 1903 1088 1992 ἅρμα
1110 1929 1168 1992 pro
1191 1910 1252 1974 tri-

158 2014 275 2079 bracho
290 2022 384 2080 esset.
417 2017 454 2080 In
471 2016 584 2100 Vespis
604 2038 635 2081 v.
660 2020 750 2080 1160.
769 2036 850 2099 quae
868 2016 1061 2100 praecedunt
1076 2016 1116 2082 de
1131 2017 1251 2084 ealeeis

159 2121 324 2187 Laoonieis
341 2122 426 2187 dieta
441 2123 486 2188 sio
502 2124 700 2189 scribendum
717 2124 904 2190 ostendunt:

246 2321 308 2392 ὡδὶ
332 2324 464 2416 προβὰς
485 2327 646 2418 τρυφερόν
668 2352 701 2394 τι
724 2325 977 2395 διαλακιόνιοον.

42 2618 45 2623 ι
160 2535 198 2598 In
213 2533 547 2620 Thesmophoria-ausis
563 2536 710 2603 seeundis
725 2537 811 2622 apud
823 2537 1020 2604 Athenaeum
1035 2537 1106 2602 XV.
1121 2557 1153 2620 p.
1168 2541 1248 2601 600.

160 2641 201 2705 D.
220 2649 304 2708 reete
319 2645 483 2710 Dobraeus
499 2644 643 2728 seripsit:
686 2740 691 2751 α

247 2833 368 2911 ὦΖεῦ
392 2836 597 2929 πολυτίμηθ’
621 2831 694 2906 οἷον
716 2834 890 2906 ἐπέπνευο’
915 2837 932 2907 ὁ
954 2836 1085 2925 μιαρός.

246 3051 382 3130 Quarto,
399 3052 427 3116 si
442 3051 475 3114 in
491 3071 530 3116 ea
545 3050 617 3134 ipsa
632 3049 772 3134 syllaba,
791 3068 872 3133 quae
888 3048 991 3131 prima
1006 3048 1171 3131 anapaesti
1187 3054 1249 3127 est,

160 3159 268 3243 gravis
283 3176 415 3224 caesura
429 3157 473 3223 fit.
507 3158 590 3222 Nanr
607 3177 702 3240 quum
718 3155 797 3221 haee
812 3175 944 3220 caesura
958 3155 1065 3231 faeiat,
1087 3160 1121 3218 ut
1136 3161 1253 3237 quarta

160 3268 241 3332 arsis
261 3266 325 3331 iarn
341 3287 403 3331 non
419 3267 461 3331 sit
481 3285 555 3349 pars
570 3263 789 3349 praecedentis
812 3263 948 3339 ordinis,
974 3261 1031 3327 sed
1046 3262 1116 3345 ipsa
1133 3282 1250 3326 novrum

161 3374 302 3440 ordinent
324 3372 484 3455 incipiat·
498 3379 642 3456 apertum
665 3377 713 3436 est
729 3371 880 3437 removeri
899 3369 997 3448 illud,
1022 3370 1132 3452 inquo
1148 3369 1251 3434 otien-

161 3482 282 3547 sionem
298 3499 368 3545 esse
380 3480 574 3545 dicebamus.
600 3479 669 3542 Iam
681 3478 765 3544 enirn
780 3499 843 3543 non
859 3478 892 3541 in
907 3477 1011 3542 medio
1023 3476 1132 3541 ordine
1148 3496 1251 3559 perusa

161 3590 211 3667 lit,
230 3588 334 3654 sedin
349 3588 411 3652 tine
426 3586 564 3663 ordinis3
590 3605 682 3669 quem
698 3584 813 3651 deinde
827 3585 910 3649 alius
925 3583 1000 3649 ordo
1016 3583 1152 3666 exeipit,
1170 3604 1252 3647 ana-

161 3697 266 3763 orusin
289 3695 409 3760 habens
435 3715 474 3759 ex
496 3692 670 3759 irrationali
692 3692 798 3771 brevi,
827 3691 901 3773 quia
923 3690 1018 3755 etianr
1044 3711 1252 3774 praegressus

161 3804 237 3870 ordo
252 3802 426 3868 irrationali
441 3801 529 3867 brevi
551 3801 727 3866 liniebatur.
764 3798 833 3862 Hae
853 3797 975 3862 ratione
998 3797 1125 3862 (latendi
1148 3805 1253 3881 potest

161 3912 220 4002 hoo
235 3911 268 3976 in
284 3909 398 3993 Vespis
413 3930 443 3973 v.
466 3911 558 3972 1300.

247 4122 313 4188 τῶν
336 4115 514 4204 ξυμποτῶν
538 4111 728 4204 κλέψαντας
754 4117 794 4182 Φ.
818 4107 922 4181 ποίαν
945 4104 1146 4201 αὐλητρίδας
