2804 4912
546 333 583 374 nr
600 332 746 376 rinamsr.
1129 312 1192 376 239

145 487 224 544 619.
259 485 417 547 Interdum
435 505 517 546 unus
542 486 780 566 colloquentium
798 503 853 563 pro
869 486 984 564 integro
1000 503 1094 548 versu
1115 485 1191 545 nihil

136 587 155 645 ti
182 587 309 649 brevem
334 588 585 649 exclamationem
602 589 730 670 profert,
758 598 793 650 ut
815 589 845 648 in
861 587 968 666 Agam.
991 590 1083 650 1316.
1109 587 1191 649 Alibi

136 707 150 746 r
170 691 352 753 huiusmodi
367 692 623 753 exclamationem
639 700 868 754 commutantur
883 692 983 770 vices,
1002 691 1097 753 altera
1113 709 1191 773 pcr-

136 809 177 854 1a
192 795 371 856 inchoatum
393 795 433 855 ab
456 795 551 857 altera
567 814 694 858 versum
709 793 912 875 adimplente,
938 797 1021 857 utin
1036 795 1187 857 Prometh.

145 898 227 959 079.

184 1009 255 1080 ‘ER
280 1008 350 1103 εἴης
372 1014 520 1105 φορητὸς
543 1009 602 1080 οὐκ
625 1008 674 1097 ἄν,
699 1011 731 1081 εἰ
753 1014 920 1103 πράσσοις
941 1015 1062 1094 καλῶς.

190 1121 258 1183 ΠΡ.
283 1109 312 1182 o’t‘
333 1141 402 1200 μοι.
426 1114 498 1184 ‘ER
522 1115 599 1184 τόδε
621 1115 705 1196 Σεῠς
727 1111 854 1197 τοῦπος
876 1113 936 1185 οὐκ
959 1115 1150 1186 ἐπίστασαι.

136 1239 182 1301 rin
205 1243 296 1304 etiam
319 1242 445 1322 cpodica
468 1241 621 1323 quaedam
643 1242 842 1306 conlormatio
868 1246 1025 1307 invenitur
1049 1247 1080 1304 in
1102 1243 1189 1324 Aga-

136 1360 266 1407 amnone
281 1366 311 1408 v.
334 1348 426 1407 1352.

222 1466 298 1528 ΛΓ.
323 1455 412 1549 ᾤμοι
435 1460 631 1550 πέπληγμαι
652 1457 787 1547 καιρίαν
809 1461 936 1552 πληγὴν
959 1460 1034 1532 ἕσαν.

187 1570 228 1630 Χ.
252 1571 296 1631 α’.
320 1570 413 1652 σῖγα·
435 1563 487 1644 τίς
509 1563 639 1655 πληγὴν
662 1561 761 1632 disci
782 1563 921 1655 καιρίως
942 1562 1161 1653 οὐτασμένοςς

245 1671 305 1734 ff.
329 1662 358 1757 ᾤ’
378 1694 439 1753 μοι
459 1663 537 1754 μάλ’
561 1659 665 1747 αὖθις
687 1668 843 1755 δευτέραν
865 1668 1103 1759 πεπληγμένος.

185 1777 227 1840 Χ.
249 1769 292 1858 β.
314 1764 454 1859 σοι’ἷργον
475 1768 659 1860 εἰργάσθαι
681 1773 775 1839 δοκεῖ
795 1797 856 1858 μοι
876 1772 1043 1858 βασιλέως
1065 1770 1187 1862 οἷμώγ·

781 1902 873 1960 μασι.
1189 1963 1192 1968 1

136 2001 220 2064 uibus
237 1999 395 2079 versibus,
415 2019 547 2080 quorum
564 2002 627 2064 bini
644 2003 760 2082 quique
776 2002 972 2081 stropharum
988 2003 1085 2065 instar
1098 2012 1182 2084 suut,

136 2124 157 2165 ·o
172 2104 272 2186 epodo
286 2105 367 2166 alius
381 2124 399 2165 a
415 2106 504 2166 tertio
519 2105 639 2167 chorico
654 2124 728 2169 sene
745 2105 917 2168 trochaicus
933 2104 1075 2169 additur:

185 2235 272 2305 ἀλλὰ
293 2232 522 2321 κοινωσώμεθ’
542 2230 589 2304 ‘dr
610 2261 684 2316 πως
705 2232 843 2328 ἀσφαλῆ
863 2238 1088 2324 βουλεύματα.

136 2401 177 2443 rm
193 2390 296 2443 autem
319 2381 430 2461 reliqui
446 2379 609 2443 duodecim
630 2398 720 2442 senes
735 2381 846 2461 singuli
862 2379 941 2443 duos
956 2383 1088 2444 recitant
1103 2383 1186 2444 iarn-

136 2503 181 2547 ms
197 2485 360 2546 trimetros.

487 2779 796 2790 ---—-——--—--

523 3028 635 3098 cAP.
652 3029 761 3099 XXI.

441 3195 838 3289 Deparabasi.

181 3378 297 3462 5652.
331 3383 366 3442 lu
394 3381 549 3444 comoedia
577 3384 672 3444 veteri
700 3385 865 3464 praecipue
898 3383 1104 3445 memorabilis
1135 3367 1202 3446 est

136 3505 188 3547 rra
198 3485 324 3565 basis,
343 3504 424 3565 quae
434 3495 572 3564 vocatur,
591 3506 671 3567 quae
686 3495 735 3547 est
745 3487 829 3548 chori
846 3485 886 3548 ad
901 3495 1089 3566 spectatores
1104 3506 1184 3548 con-

136 3591 207 3651 rsio.
248 3589 291 3650 Dc
320 3608 356 3650 ea
385 3588 512 3650 videndi
536 3586 719 3668 Hephaestio
738 3609 769 3670 p.
790 3590 824 3650 71
857 3589 954 3673 (llll).
1003 3590 1110 3651 Pollux
1130 3591 1178 3654 lv.

140 3698 169 3754 l.
202 3692 297 3754 schol.
322 3690 476 3772 Aristoph.
509 3693 541 3753 in
569 3710 686 3772 argum.
713 3693 735 3754 1.
762 3692 916 3773 Nubium‚
942 3703 973 3756 et
994 3693 1035 3757 ad
1054 3714 1086 3758 v.
1111 3695 1183 3758 Να-

136 3815 183 3858 nm
200 3797 272 3857 5l8.
292 3806 323 3856 et
341 3798 432 3856 1113.
457 3804 550 3875 atque
573 3794 613 3857 ad
627 3798 733 3857 Pacem
754 3816 785 3858 v.
806 3796 877 3858 733.
904 3797 1007 3860 Partes
1030 3796 1182 3877 quasdam

136 3918 162 3960 rs
184 3899 338 3977 attingunt
364 3901 457 3961 schol.
482 3899 523 3960 ad
541 3898 622 3960 Nub.
648 3919 679 3961 v.
699 3902 771 3962 510.
793 3901 864 3962 575.
892 3898 1177 3963 machamata.

137 4021 198 4082 yrn.
225 4005 262 4064 11.
295 4022 326 4083 p.
348 4005 419 4083 353,
440 4005 491 4064 16.
517 4002 701 4065 emendatus
726 4023 743 4064 a
767 4002 940 4083 Sylburg'n.
983 4003 1058 4067 Vide
1089 4006 1180 4066 etiam

136 4106 299 4183 longorum
330 4107 368 4168 de
397 4107 515 4168 theatro
537 4106 571 4167 ll.
594 4106 643 4167 l3.
678 4108 710 4166 in
732 4106 854 4170 Graevii
876 4108 965 4167 Thes.
991 4106 1062 4169 Aut.
1089 4109 1176 4170 Rom.

149 4211 199 4270 IX.
