2804 4912
159 296 199 358 w
565 314 821 358 mamm

237 464 331 547 §5¹-
368 470 576 530 llensuram
603 469 764 529 metrica
792 468 970 527 maiorem
996 467 1144 527 exhibent
1167 476 1240 527 tro-

153 570 238 630 chaei
259 573 404 648 sementi,
432 572 485 651 qui
501 590 518 631 e
534 570 657 632 duabus
673 571 769 650 longis
786 569 914 649 syllabis
929 579 1119 647 constantes,
1147 569 1240 648 prio-

34 672 38 681 '
151 692 217 734 rem
240 682 320 752 octo,
347 675 544 755 posteriorem
566 683 711 754 quattuor
731 683 903 752 temporum
924 673 1052 766 habent,
1082 690 1182 751 eaque
1205 692 1239 734 re

152 779 259 856 integri
287 797 325 838 ex
352 777 494 855 pluribus
520 777 655 857 pedibus
682 776 813 838 membri
843 776 940 837 officio
969 775 1150 855 funguntur.
1193 775 1239 837 Eo

34 912 37 921 =
152 879 281 941 lortasse
303 882 394 940 etiam
416 882 553 961 paeonici
576 882 696 942 numeri
719 879 872 942 relerendi
891 888 979 958 sunt,
1007 878 1046 940 de
1066 879 1183 959 quibus
1203 899 1235 940 v.

153 981 171 1064 o
191 985 263 1044 trs.

239 1187 263 1269 ξ
277 1185 331 1252 52.
358 1190 476 1251 Pausa
493 1191 527 1251 lit
537 1189 692 1251 interdum
705 1192 736 1251 in
749 1188 850 1252 medio
861 1209 989 1251 numero
1001 1191 1135 1251 musico:
1154 1206 1240 1268 quae

154 1311 251 1372 quum
267 1293 371 1371 iaciat,
399 1303 433 1354 ut
454 1303 484 1354 et
499 1293 600 1355 hiatus
621 1304 653 1355 et
667 1293 786 1372 syllaba
802 1312 915 1373 anceps
935 1293 1128 1372 admittatur,
1155 1292 1241 1352 liniri

152 1414 188 1456 eo
203 1397 267 1456 loco
282 1415 407 1458 versum
428 1398 571 1475 postulat.
605 1398 643 1459 Vt
663 1396 747 1477 apud
761 1396 925 1459 Pindarum
945 1397 992 1457 Ol.
1012 1398 1060 1457 Vl.
1082 1399 1099 1457 5
1121 1395 1160 1477 (7)
1183 1394 1241 1456 ubi

155 1518 252 1579 quum
267 1502 389 1561 numeri
404 1500 435 1560 hi
451 1500 520 1580 sint,

240 1601 551 1650 ..ὐ.’--ὐυ-υυ.υ

240 1705 527 1753 ζώω-’-ἐνέ-

239 1808 433 1857 ἐντι-νιν

154 1924 224 1993 post
242 1916 371 1994 primam
388 1911 515 1974 secundi
530 1929 640 1972 versus
657 1910 809 1989 syllabam
824 1929 919 1991 pausa
944 1911 994 1987 fit;
1021 1909 1106 1971 unde
1126 1930 1242 1974 versus

154 2019 195 2077 ita
210 2015 417 2097 distinguendi
433 2025 523 2078 sunt:

241 2119 353 2202 Βωμῷ
368 2139 404 2181 τε
418 2109 564 2201 μαντείῳ
580 2109 703 2197 ταμίας
716 2113 802 2191 Διὸς
817 2111 851 2179 ἓν
865 2111 971 2202 Πίσᾳ,

241 2215 449 2307 συνοικιστήρ
463 2242 499 2283 τε
514 2221 574 2282 τᾶν
590 2217 722 2283 κλεινᾶν
736 2221 907 2305 Συρακοσ-

242 2327 313 2404 σᾶν,
330 2319 405 2388 τίνα
419 2346 474 2388 κεν
489 2317 590 2412 φύγοι
604 2317 714 2404 ὕμνον.

242 2530 334 2614 953.
365 2533 646 2613 Paracataloge‚
671 2533 758 2593 cuius
778 2533 964 2592 mentionem
983 2529 1100 2594 iaciunt
1114 2530 1243 2594 Aristo-

156 2636 232 2698 teles
254 2636 404 2698 Problem.
423 2639 473 2698 lX.
495 2640 513 2696 6
536 2646 568 2697 et
588 2635 766 2696 Plutarchus
790 2634 829 2696 de
852 2636 967 2696 musica
989 2655 1020 2715 p.
1042 2637 1123 2697 tlte
1147 2637 1178 2696 F.
1210 2647 1243 2699 et

159 2742 234 2802 llll
263 2738 299 2801 Α.
326 2741 514 2820 quibuscum
537 2738 740 2800 conferendus
763 2739 934 2817 Hesychius
954 2740 984 2799 in
1006 2759 1037 2800 v.
1056 2733 1238 2824 καταλαγή,

157 2846 295 2904 remissio
318 2853 365 2905 est
386 2845 506 2906 numeri
529 2842 569 2904 ad
590 2845 719 2904 incertos
741 2844 911 2903 communis
927 2843 1075 2903 sermonis
1091 2861 1242 2904 numeros

157 2946 320 3025 accedens,
356 2966 450 3026 quam
484 2949 578 3008 nostri
611 2947 720 3008 musici
752 2963 849 3025 genus
883 2944 1011 3006 canendi
1044 2945 1241 3008 recitatiyum

81 3092 84 3100 -
157 3061 277 3112 vocant.

243 3255 336 3339 554.
363 3258 406 3319 Ea
423 3256 546 3320 duabus
562 3259 593 3317 in
610 3257 704 3319 rebus
721 3258 864 3336 cernitur,
885 3259 916 3316 in
932 3257 1109 3317 remissione
1125 3256 1243 3318 celeri-

157 3363 229 3422 tatis
256 3363 286 3421 in
314 3361 374 3422 line
397 3360 600 3441 quorumdam
628 3379 845 3440 numerorum,
876 3369 911 3421 ut
936 3358 1182 3422 dochmiacorum
1210 3371 1243 3423 et

158 3464 396 3544 Glyccneorum;
424 3464 507 3526 unde
529 3464 559 3524 hi
583 3463 754 3544 spondeum
777 3466 809 3524 in
830 3465 931 3525 locum
952 3463 1050 3524 finalis
1074 3463 1168 3525 iambi
1183 3482 1243 3524 re-

158 3569 283 3647 cipiunt.

245 3774 268 3855 ξ
283 3772 337 3838 55..
363 3773 480 3835 Deinde
495 3776 526 3834 in
538 3775 688 3837 solutione
703 3777 796 3837 totius
809 3776 940 3855 numeri,
956 3773 1038 3854 quod
1053 3776 1088 3836 fit
1101 3775 1241 3853 plurium

159 3878 302 3958 brevium
324 3877 514 3956 syllabarum
535 3877 576 3940 ad
598 3878 750 3958 quosdam
771 3898 916 3941 numeros
939 3877 1122 3940 adiectione:
1149 3888 1184 3939 ut
1200 3879 1241 3939 ad

158 3980 359 4042 dochmiacos.
386 3983 448 4043 llae
464 4001 513 4043 res
529 4001 635 4044 omnes
650 3984 716 4044 suis
732 3984 805 4044 locis
820 3982 1068 4061 explicabuntur.
