2804 4912
647 317 703 361 ΗΒ.
724 319 744 360 1.
771 318 833 361 CAR.
852 317 891 359 Vl.

667 511 781 581 cAP.
801 512 868 580 Π.

443 645 501 714 De
528 645 730 716 versibus
758 656 801 715 et
826 645 1096 738 systematis,

316 797 339 878 ξ
354 793 408 859 40.
442 799 591 859 Versus
610 816 758 859 numerus
774 807 821 859 est
836 817 875 859 ex
890 816 952 858 uno
967 797 1017 858 vel
1032 796 1175 876 pluribus
1192 796 1314 858 ordini-

232 899 293 961 bus
309 899 417 961 [actus.
448 901 550 961 Partes
567 919 714 962 versuum
728 897 831 981 κῶλα,
850 902 876 961 si
892 920 931 961 ex
946 902 1069 980 integris
1085 902 1217 980 syzygiis
1234 920 1314 961 con-

231 1012 328 1080 stant,
357 996 529 1083 κόμματα,
556 1004 582 1064 si
604 1023 664 1065 non
680 1025 719 1066 ex
735 1005 875 1084 integris,
902 1013 1014 1065 vocant
1027 1005 1229 1083 grammatici,
1257 1003 1314 1065 sed

231 1125 341 1186 parum
357 1107 415 1167 sibi
432 1116 616 1168 constantes.
649 1106 778 1168 Videndi
795 1106 834 1168 de
850 1108 897 1168 his
913 1108 1042 1187 aliisque
1057 1127 1167 1188 parum
1183 1108 1314 1169 utilibus
1332 1110 1346 1130 ⁰

231 1209 478 1273 distinctionibus
504 1211 685 1291 Hephaestio
712 1229 742 1289 p.
771 1212 810 1271 65
838 1208 921 1293 (ltu)
950 1220 980 1272 et
1005 1213 1117 1272 Marius
1138 1212 1313 1273 Victorinus

230 1331 261 1393 p.
282 1314 365 1375 2l97
385 1331 449 1393 seq.

316 1518 409 1601 541.
450 1521 575 1582 Numeri
606 1521 756 1600 cuiusque
786 1539 895 1582 versus
923 1522 1058 1582 continui
1085 1530 1174 1582 sunt:
1208 1523 1314 1602 itaque

230 1625 417 1704 perpetuitas
434 1625 575 1685 orationis
591 1642 651 1684 non
668 1622 762 1684 debet
776 1625 957 1705 interrumpi
973 1626 1058 1686 hiatu
1073 1625 1185 1703 illicito,
1210 1625 1313 1704 sylla-

231 1727 310 1788 bave
325 1728 449 1807 ancipiti
465 1745 527 1788 non
543 1728 623 1788 iusto
639 1727 705 1788 loco
720 1726 864 1788 admissa.

316 1931 409 2016 542.
439 1935 553 1996 Versus
569 1935 816 2012 asynarteti,
836 1951 913 2014 quos
928 1951 988 1994 non
1004 1942 1144 1996 accurate
1160 1933 1316 1996 deliniunt

231 2038 365 2117 metrici,
390 2038 410 2097 ii
426 2047 516 2118 sunt,
543 2055 673 2116 quorum
689 2047 809 2117 partes,
835 2047 870 2099 ut
891 2036 1012 2098 libitum
1028 2047 1076 2098 est
1090 2039 1201 2117 poetis,
1227 2057 1314 2099 nunc

230 2150 368 2220 servata,
401 2159 485 2201 nunc
510 2141 646 2221 neglecta
673 2142 876 2221 perpetuitate
903 2141 1044 2202 orationis
1070 2142 1308 2221 coniunguntur,

230 2245 315 2306 hiatu
337 2255 368 2306 et
391 2242 511 2324 syllaba
538 2244 660 2323 ancipiti
683 2241 839 2331 admissis,
869 2253 904 2305 ut
930 2242 1014 2324 apud
1037 2246 1191 2305 Horatium
1215 2245 1307 2324 epod.

231 2350 281 2410 Xl.
302 2349 377 2410 Xlll.

315 2450 478 2532 fervidiore
492 2467 574 2514 mero
589 2469 707 2513 arcano
719 2460 877 2531 promorat
891 2449 961 2512 loco.

317 2556 419 2618 levore
435 2554 520 2616 doris
532 2561 656 2636 pectore
669 2552 926 2617 sollicitudinibus.

314 2759 411 2843 543.
458 2763 610 2824 Versuum
639 2760 1099 2841 polyschematistornm
1130 2762 1305 2842 appellatio,
1376 2811 1384 2818 ,

230 2867 309 2928 male
331 2866 480 2944 explicata
503 2884 520 2926 a
543 2865 688 2944 metricis,
714 2864 746 2923 in
768 2881 819 2924 eos
835 2882 944 2926 versus
966 2863 1113 2943 quadrat,
1139 2865 1249 2947 quos§
1269 2869 1308 2928 37

228 2988 284 3050 per
298 2969 562 3050 transpositionem
578 2969 674 3047 partis
689 2970 809 3029 numeri
825 2967 988 3030 mutabiles
1003 2968 1148 3030 diximus

313 3173 407 3257 §44
441 3175 648 3238 Catalexis
672 3163 798 3236 vocaiur
817 3174 962 3236 detractio
984 3176 1076 3237 unius
1098 3176 1146 3235 vel
1170 3175 1308 3255 plurium

228 3289 400 3358 temporum
426 3280 457 3339 in
484 3280 544 3340 fine
573 3297 694 3341 versus.
739 3280 896 3340 Rationem
927 3277 1129 3341 finiendorum
1159 3298 1308 3341 versuum

228 3373 396 3445 ἀπόθεσιν
410 3383 525 3444 metrici
541 3381 706 3463 appellant.

312 3587 405 3672 545.
446 3591 559 3652 Versus
585 3588 804 3649 acatalecti
831 3588 993 3666 dicuntur,
1025 3608 1155 3670 qnorum
1181 3589 1307 3652 ordines

227 3695 334 3773 integri
350 3702 437 3755 sunt:
457 3703 493 3754 ut
506 3690 627 3752 iambici
643 3692 781 3771 trimetri,

312 3792 671 3880 u}v.¹uLv.yuLv„

311 3983 405 4068 §lu
438 3987 552 4047 Versus
578 3985 813 4046 catalectici
839 3993 928 4060 sunt,
959 3984 1073 4063 quibus
1099 4004 1160 4045 nna
1185 3985 1305 4064 syllaba

226 4089 323 4167 deest,
343 4091 422 4151 utin
439 4090 585 4168 trimetro,

310 4191 406 4239 υέυ..
420 4193 424 4275 Ι
437 4191 533 4237 υέυ-
547 4190 640 4274 {es-'ts
