2804 4912
217 291 277 353 188
607 311 664 352 ιιι.
684 311 728 351 m.
756 311 818 352 cnr.
837 310 899 352 vni.

299 461 421 543 5514.
458 464 568 525 Omisit
591 464 773 543 Hephaestio
799 483 837 523 ex
860 462 970 524 iisdem
995 464 1151 525 memhris
1180 465 1308 525 inversis

213 567 253 627 ah
278 563 457 628 Archilocho
483 566 638 629 conditum
665 575 892 646 asynartetnm,
924 565 974 648 de
991 585 1053 646 quo
1082 588 1113 628 v.
1142 568 1245 628 Bentl.
1271 567 1309 629 ad

215 673 315 732 Horat.
336 670 425 750 epod.
446 672 495 731 Xl.
522 673 602 733 Vsus
618 692 653 732 eo
669 671 809 732 Horatius
825 669 915 750 epod.
935 671 1012 731 XHl.

299 793 401 854 levore
418 791 493 853 tlr'rls
505 800 629 872 pectora
644 791 900 854 sollicitudinibus.

296 998 320 1078 ξ
334 996 410 1063 515.
438 996 547 1060 Alcaeo
558 998 802 1079 Anacreontique
815 1009 998 1079 usurpatum
1012 999 1157 1060 essehoc
1174 1010 1308 1063 metrum

210 1103 251 1163 ait
267 1103 466 1182 Hephaestio:

295 1220 464 1268 Amce-
481 1219 485 1305 l
502 1216 623 1267 (dij

210 1338 312 1405 Alcaei
327 1344 384 1405 hoc
399 1345 501 1423 posuit
517 1344 711 1422 exemplum:

295 1450 314 1548 ἢ
338 1454 365 1548 ῥ’
389 1455 439 1526 έιι
461 1456 643 1548 Διννομένῃ
667 1463 716 1547 τῷ
741 1455 920 1548 Τυῤῥακήῳ

295 1556 441 1649 ιόἔρμενα
463 1560 682 1652 Λαμπρακέᾳ
704 1558 731 1628 τ’
756 1560 790 1628 έν
809 1560 988 1651 μυρσινήιμ.

209 1688 322 1768 Scripsi
352 1688 435 1768 quod
467 1697 562 1750 metro
592 1689 776 1749 conveniret.
817 1690 894 1750 Nam
925 1707 1004 1768 qnae
1035 1708 1108 1750 vcra
1143 1692 1187 1752 sit
1213 1692 1307 1755 huius

210 1792 369 1870 fragmenti
392 1794 541 1871 scriptura
565 1801 633 1870 post
656 1801 699 1853 tot
722 1811 815 1854 vanos
837 1801 964 1853 conatus
988 1811 1097 1853 vereor
1118 1803 1153 1855 et
1174 1796 1308 1858 inveniri

208 1895 305 1974 possit
327 1896 386 1955 nisi
410 1897 497 1958 novis
513 1896 642 1975 repertis
658 1895 848 1956 testimoniis.
882 1895 961 1957 Hlud
977 1904 1120 1976 apertum
1137 1907 1208 1977 est,
1238 1901 1308 1961 ferri

208 2018 269 2060 non
284 2017 374 2078 posse
397 1992 480 2078 quod
497 2000 528 2060 in
544 1999 639 2059 altero
656 2018 749 2060 versu
763 1998 834 2058 lihri
849 2007 970 2060 veteres
991 1998 1125 2078 hahent,
1155 1990 1307 2086 erinperto

208 2095 346 2183 λαμπρὰ
368 2093 456 2163 κέατ’
479 2095 512 2164 έν
534 2092 691 2182 μυρσίνῳ.
724 2103 757 2161 ln
780 2102 880 2181 priore
903 2102 998 2163 codex
1021 2103 1184 2166 Palatinus
1205 2107 1259 2190 τῷ
1279 2097 1306 2168 τ’

207 2193 366 2289 ὐῤῥακήιμ.
398 2202 598 2267 Anacreontis
615 2205 697 2266 hunc
708 2222 833 2265 versum
849 2205 952 2266 attulit
967 2206 1176 2287 Hephaestio:
1284 2212 1287 2217 '

294 2314 482 2407 ὀρσόλοπος
503 2318 563 2404 μέν
585 2319 681 2409 Ἄρης
704 2319 814 2410 φιλέει
835 2317 1030 2405 μεναίχμαν.

207 2445 288 2505 Eum
303 2463 376 2505 vero
391 2445 599 2524 logaocdicnm
615 2465 683 2508 esse
699 2445 756 2505 hoc
771 2455 885 2507 metro:

291 2551 582 2602 Δυν-ω.υ-υ-ῦ

207 2690 242 2730 eo
258 2669 466 2748 cognoscitur,
494 2668 577 2747 quod
597 2655 688 2730 ctiam
704 2678 803 2732 cetera
820 2670 913 2732 huius
929 2671 1018 2731 metri
1034 2674 1199 2754 exempla,
1226 2695 1305 2757 quac

208 2773 238 2831 in
254 2770 470 2834 Anacreonteis
487 2773 705 2851 inveniuntur,
733 2775 871 2852 quintam
887 2794 904 2835 a
922 2775 981 2834 line
998 2773 1155 2851 syllabam
1174 2778 1304 2840 brevem

206 2875 330 2937 hahent.
369 2875 459 2948 Quod
485 2875 542 2935 nisi
570 2876 753 2955 Hephaestio
780 2875 841 2937 dno
868 2876 991 2938 diversa
1019 2886 1116 2943 metra
1146 2883 1301 2963 confudit,

205 2976 308 3039 Alcaei
329 2979 534 3059 fragmentum
557 2978 733 3040 huiusmodi
756 2978 831 3058 qnid
848 2980 993 3041 habuisse
1010 2982 1211 3046 censendum
1227 2987 1301 3047 erit:

292 3083 361 3182 ἢρ’
386 3089 436 3160 ἔτι
457 3092 640 3183 Διννομένῃ
664 3119 699 3160 τε
725 3091 903 3184 Τνρῥακήιμ

291 3189 436 3286 τέρμενα
458 3196 679 3287 Λαμπρακέᾳ
700 3221 736 3263 τε
758 3195 954 3287 Μνρσινήιμ.

250 3395 254 3404 ’
290 3407 314 3487 §
329 3403 405 3470 516.
432 3405 525 3470 Aliud
541 3428 580 3469 ex
595 3408 749 3470 lohacchis
764 3406 942 3470 Archilocho
958 3408 1141 3491 adscriptis:

290 3513 485 3565 &vj-'v-
504 3518 507 3605 l
524 3515 693 3566 Lemo-

290 3624 466 3716 Δήμητρος
487 3624 589 3716 ἃγνῆς
610 3626 667 3694 καὶ
691 3623 803 3717 Κόρης
823 3624 882 3716 τὴν
904 3628 1083 3717 πανήγυριν
1107 3628 1232 3717 σέβων.

289 3838 313 3918 §
327 3835 404 3901 517.
431 3837 523 3900 Aliud
539 3837 717 3901 huiusmodi
733 3838 817 3920 apud
833 3838 1031 3918 Euripidem:

290 3945 482 3995 §.x-jx-
500 3949 504 4034 l
522 3946 666 3997 20:040

290 4055 375 4145 ἑῷος
396 4054 477 4146 ἡνίχ’
503 4055 654 4136 ἱππότας
676 4057 863 4148 ἐξέλαμψεν
886 4053 1000 4147 ἀστήρ.

204 4183 280 4243 Vide
297 4184 415 4247 Gallim.
435 4182 472 4242 lr.
498 4185 565 4244 llli.
