2804 4912
416 192 453 235 DE
468 190 601 233 vnnsrnts
617 190 845 233 ANAGRBOMBIS.

177 342 294 424 §433
328 343 390 406 Sed
404 345 550 425 quoniam
565 344 641 405 haec
656 343 770 404 forma:

177 455 352 504 va-va

84 570 207 649 pariter
221 590 261 632 111
275 570 374 631 lonico
389 570 510 631 numeri
526 566 639 633 deduci
653 576 770 649 potest,
788 575 881 647 atque
897 586 937 630 ex
951 566 1173 630 choriambico:

177 679 349 731 έυυ.υ,.υ

85 793 175 874 quod
189 804 322 857 metrum
344 812 579 875 nonnumquam
601 795 634 857 in
655 793 805 874 farragine
826 795 885 855 ista
900 792 1072 854 carminum
1087 789 1176 853 Ana-

85 900 313 962 creonticorum
338 900 507 979 invenitur,
538 897 729 977 cavendum,
759 916 798 958 ne
824 896 908 959 hunc
934 895 1176 957 choriambicum

85 1011 235 1083 putemus
257 1022 329 1064 cum
344 1003 444 1064 lonico
459 1003 640 1063 commutari
655 1019 756 1081 posse.
790 1001 886 1062 lmmo
902 1001 1047 1081 quoniam
1065 1015 1176 1078 magna

85 1125 162 1187 pars
178 1108 348 1169 carminum
363 1104 653 1168 Anacreonticorum
674 1105 919 1186 monostrophica
942 1113 990 1167 est
1013 1103 1052 1188 (v.
1072 1102 1171 1165 Elem.

86 1208 121 1271 d.
142 1228 183 1270 m.
201 1228 233 1289 p.
255 1208 326 1271 179.
346 1209 462 1291 seqq),
492 1228 578 1271 nunc
600 1227 640 1270 ex
661 1227 724 1270 uno
745 1226 856 1288 genere
877 1227 1004 1288 versus,
1029 1225 1113 1269 nunc
1135 1226 1175 1267 111

86 1311 236 1392 diversis,
263 1322 394 1375 nonest
416 1312 639 1392 dubitandum,
665 1313 740 1392 quin
763 1311 988 1374 choriambicus
1009 1312 1068 1373 iste
1089 1319 1175 1372 stro-

84 1416 221 1496 pharum
234 1415 384 1479 indioium
399 1416 503 1497 faciat,
529 1427 561 1479 et
575 1432 702 1497 prorsus
718 1415 758 1476 sit
772 1415 812 1476 ab
828 1417 935 1478 Ionicis
950 1413 1169 1496 segregandus.

84 1519 233 1581 Distinxit
254 1521 396 1601 strophas
418 1521 450 1581 in
472 1522 537 1583 suis
560 1517 839 1581 Anacreonteorum
867 1521 1038 1581 carminum
1059 1516 1174 1578 editic-

85 1622 183 1684 nibus
205 1625 253 1684 111.
272 1624 488 1686 llehlhornius.
522 1625 602 1686 Sunt
619 1623 689 1684 illae
711 1623 896 1703 plerumque
912 1633 1115 1705 quaternum,
1142 1621 1174 1681 in

84 1726 155 1789 aliis
170 1735 303 1808 ternum,
322 1729 354 1788 in
369 1728 436 1789 aliis
452 1729 584 1808 quinum
598 1745 757 1791 versuum.

172 1933 197 2014 ξ
211 1931 290 2000 434.
317 1937 351 1996 11
366 1936 418 1997 illo
433 1955 544 2016 genere
557 1954 667 1999 versus
678 1932 890 2015 Anacreontei,
906 1933 990 2014 quod
1004 1933 1172 1996 iambicum
1276 2003 1279 2008 ,

83 2046 148 2118 est,
171 2040 373 2119 imperitiores
387 2050 511 2120 poetae,
537 2049 572 2102 ut
586 2037 712 2119 quidam
729 2041 760 2100 in
776 2039 951 2101 collectione
966 2034 1173 2099 Anacreonti-

84 2160 209 2218 corum,
243 2152 274 2204 et
300 2143 462 2223 Gregorius
489 2145 701 2207 Nazianzenus
727 2163 764 2204 ac
785 2143 898 2204 Paulus
924 2142 1115 2204 silentiarius
1140 2141 1172 2201 in

83 2245 231 2306 Brrmckii
245 2241 457 2310 analectisu.
477 2249 525 2310 111.
543 2267 575 2328 p.
597 2249 647 2308 91.
666 2265 722 2327 pro
744 2248 833 2309 tertio
847 2246 950 2309 iambo
964 2247 1057 2308 etiam
1072 2262 1172 2324 spon-

83 2345 179 2410 deum
195 2359 382 2429 posuerunt:

169 2453 287 2541 βούλει
308 2460 445 2540 μαθεῖν,
469 2449 642 2543 ἄνθρωπε,

170 2564 308 2647 θερμῶν
329 2553 464 2642 ἄτεχνοι
486 2564 602 2650 ῥεῦμα.

82 2684 183 2746 Prima
200 2686 277 2746 arsis
293 2683 449 2747 interdum
463 2686 601 2749 solvitur.
629 2687 747 2749 XXVll.
769 2688 797 2748 1.

170 2796 232 2858 τοῦ
253 2790 338 2871 Διὸς
361 2791 379 2859 ὁ
402 2795 496 2879 παῖς,
520 2789 539 2860 ὅ
561 2790 702 2878 Βάκχος.

169 3003 193 3084 5
208 3001 285 3068 435.
312 3007 447 3067 lonicum
463 3025 570 3087 genus,
592 3006 676 3087 quod
691 3026 709 3069 a
724 3004 876 3086 disyllaba
892 3005 1036 3067 anacrusi
1050 3003 1166 3085 incipit,

79 3109 231 3170 usitatum
247 3107 325 3171 illud
340 3111 431 3170 etiam
448 3112 570 3190 tragicis
586 3121 617 3173 11
631 3111 769 3190 comicis,
795 3110 827 3170 in
850 3110 966 3189 aliquot
981 3109 1169 3171 carminibus

78 3211 265 3275 Anacreonti
288 3213 451 3293 adscriptis
472 3233 529 3296 per
549 3233 645 3295 puros
667 3213 785 3276 iambos
807 3213 954 3297 procedit.
988 3215 1066 3275 Raro
1088 3231 1169 3274 ana-

80 3318 231 3407 crusisin
246 3337 340 3379 unam
356 3318 478 3397 longam
493 3317 698 3380 contrahitur:
724 3319 772 3382 Vl.
794 3307 844 3380 16.

116 3474 120 3481 .
170 3429 281 3510 κῶμον
301 3424 431 3508 μέτεισι
452 3418 586 3514 χαὶρων.

168 3633 292 3715 §43ss.
344 3637 406 3697 Neo
436 3637 545 3698 solutio
574 3638 692 3716 primae
721 3657 824 3700 arseos
854 3638 1000 3718 frequens
1030 3648 1093 3720 est,
1133 3649 1170 3705 ut

79 3741 236 3802 XL111.8.

170 3846 208 3912 σύ
232 3843 270 3913 δὲ
292 3843 407 3935 φίλιος
429 3839 460 3914 εἶ
482 3853 641 3937 γεωργῶν.
711 3858 713 3864 “

77 3961 145 4025 Aut
160 3963 325 4043 secundae,
344 3973 380 4024 ut
394 3966 541 4027 XXXVll.
563 3970 591 4027 6.

168 4065 232 4161 irie,
259 4075 333 4151 πῶς
354 4069 490 4163 γέρανος
512 4068 632 4146 ὁδεύει.
