2804 4912
182 301 242 364 136
586 320 642 361 m.
663 320 695 361 u.
721 319 784 362 car.
802 319 885 361 xxxv.

219 520 224 533 .
268 472 292 553 ᾗ
307 468 384 536 404.
411 472 502 532 Primi
516 473 636 551 generis
652 472 683 532 hi
698 491 808 534 versus
824 482 913 534 sunt:

268 581 328 653 οὐκ
351 583 436 668 ἔτος.
460 576 488 651 ὦ
510 589 672 673 γυναῖκες.

268 687 493 774 δακρυόεσσαν
514 683 542 755 τ’
566 687 723 779 ἐφίλησεν
745 687 879 775 αἰχμάν.
1179 760 1183 765 ,

265 791 361 887 δεῦτέ
382 818 449 873 νον,
473 788 576 881 ἆβραὶ
598 791 758 879 Χάριτες,
788 790 993 879 καλλίκομοί
1012 820 1048 861 τε
1071 799 1225 862 Μοῖσαι.

179 921 246 993 Quo
273 919 305 978 in
330 936 440 996 genere
462 917 645 997 Hephaestio
666 915 889 980 Anacreontem
912 919 1046 1000 quodam
1076 922 1108 982 in
1130 922 1275 983 carmine

179 1039 302 1100 semper
315 1021 447 1101 primam
462 1021 545 1082 arsin
560 1022 689 1083 solvisse
704 1023 763 1083 ait:

266 1131 478 1220 ἀναπέτομαι
500 1133 540 1224 δὴ
561 1133 648 1220 πρὸς
660 1129 834 1221 Ὄλυμπον
855 1134 1055 1225 πτερύγεσσι
1076 1134 1230 1229 κούφαις

265 1237 322 1305 διὰ
345 1235 402 1305 τὸν
424 1233 532 1325 ἔρωτ’·
556 1233 595 1304 οὗ
619 1236 681 1327 γὰρ
704 1237 781 1323 ἐμοὶ
802 1244 886 1318 παῖς
908 1239 1022 1308 ἐθέλει
1044 1245 1204 1330 σσνηβᾶν.

179 1369 370 1427 Pentametro
393 1364 598 1426 Callimachus
621 1366 774 1446 integrum
801 1385 942 1445 carmen,
970 1367 1159 1446 Branchum,
1187 1388 1275 1431 con-

179 1468 274 1531 didit:

264 1579 423 1667 οαίμονες
450 1577 684 1667 εὖομνότάτοι,
715 1581 824 1669 ccipe
847 1608 884 1650 τε
912 1583 970 1650 καὶ
997 1588 1085 1667 Ζεῦ,
1115 1584 1274 1672 διδύμων

786 1684 951 1776 γενάρχαι.
1152 1777 1155 1781 .

178 1813 397 1873 Hexametrum
427 1811 468 1873 ah
494 1831 527 1873 so
553 1813 714 1874 inventum
741 1812 887 1891 gloriatus
913 1821 961 1874 est
986 1813 1116 1876 Philicus
1143 1815 1271 1898 Corcy-

178 1934 286 1992 raeus3
313 1914 404 1995 lalso,
430 1934 528 1994 quum
544 1916 687 1977 Simmiae
709 1917 770 1977 iam
794 1935 828 1977 eo
850 1935 928 1978 usus
950 1916 1042 1979 luerit
1062 1919 1093 1978 in
1109 1920 1220 1982 Securi
1236 1931 1270 1983 et

178 2019 210 2079 in
224 2014 299 2079 Alis.

263 2221 378 2304 5405.
406 2226 499 2286 Tertii
518 2227 638 2306 generis
659 2223 739 2306 (nam
758 2225 931 2288 secundum
953 2227 985 2287 in
1007 2229 1044 2288 iis
1065 2229 1264 2308 potissimum

178 2327 331 2407 versibus,
351 2329 405 2408 qui
420 2328 511 2391 basin
526 2330 651 2408 habent,
673 2328 838 2411 invenitur)
859 2330 1041 2410 Hephaestio
1056 2332 1133 2394 hacc
1147 2352 1264 2396 exem-

176 2432 227 2513 pla
242 2431 346 2493 affert:

264 2543 440 2613 ἱστόπονοι
460 2543 624 2637 μείρακες.

263 2645 344 2716 οὐδέ
365 2646 507 2718 λεόντων
528 2649 659 2734 σθένος,
683 2645 763 2719 οἶδέ
784 2646 919 2741 τροφαί.

263 2750 304 2821 αἲ
321 2750 513 2843 Κυθερείας
534 2749 698 2821 έπιπνεῖτ’
722 2747 818 2842 έργια
840 2752 1048 2822 λευκωλένου.

176 2882 210 2942 ln
225 2877 437 2959 Aristophanis
452 2880 618 2958 Lysistrata
634 2899 665 2941 v.
685 2882 757 2941 338.
777 2879 976 2943 scribendum
993 2879 1132 2943 videtur:

261 2990 325 3062 ἆνὰ
345 2991 457 3077 πόλιν,
480 2991 527 3074 ὥς
548 2994 583 3074 ἐς
603 2994 818 3086 τριτάλαντον
837 2992 949 3083 βάρος.

176 3121 326 3203 Strophici
341 3138 450 3183 versus
465 3129 528 3182 tres
543 3121 669 3184 ultimae
683 3121 822 3201 syllabae
837 3120 1025 3184 exciderunt.

260 3323 376 3407 5406.
409 3328 559 3407 Quartae,
598 3329 740 3408 quintae,
779 3337 884 3391 sextae
923 3330 1144 3390 terminationis
1181 3332 1255 3394 haec

176 3431 316 3512 exempla
338 3432 409 3492 sint.
442 3428 595 3511 Aristoph.
615 3432 741 3510 Lysistr.
762 3431 834 3494 323.
854 3432 947 3512 Soph.
967 3429 1013 3494 hi.
1034 3433 1107 3494 226.
1141 3431 1250 3497 Aesch.

175 3535 210 3597 S.·
225 3534 266 3597 ad
281 3534 337 3596 Th.
358 3537 431 3596 7tl.

241 3657 245 3664 ’
260 3675 296 3717 τε
316 3647 375 3717 καὶ
395 3647 585 3737 Κριτύλλαν
603 3647 829 3740 περιφυσήτω.

260 3752 320 3820 τὰν
341 3749 359 3820 ὃ
379 3750 482 3839 μέγας
502 3757 615 3836 μῦθος
636 3747 736 3835 ἀέξει.

260 3853 475 3924 αὖτοδάϊκτοι
489 3854 633 3924 θάνωσι.

241 4072 284 4166 ’Ὦ
298 4081 375 4148 407.
401 4086 873 4166 Dimetercatalecticus,
892 4089 945 4168 qui
961 4089 1253 4152 exunoordinelo-

175 4187 317 4273 gaoedico
332 4198 467 4271 constat,
487 4210 588 4273 neque
603 4191 826 4272 choriambicis,
845 4193 904 4254 nisi
919 4193 992 4273 quia
1006 4193 1136 4256 catalexi
1151 4195 1255 4258 inser.
