2804 4912
324 300 361 341 nn
377 298 504 341 murem
518 297 717 340 remmus
731 295 932 339 implereris.
1130 273 1171 336 ta

501 481 615 552 cAP.
630 480 757 550 xm

177 635 236 705 De
264 633 468 704 iambicis
496 631 771 704 tetrametris
799 633 1076 704 acatalectis.

173 799 295 887 5179.
343 804 595 865 Tetrameter
631 801 903 882 acataleetus,
943 800 984 864 ab
1012 801 1169 862 inventore

132 904 191 968 ›isoo
206 905 308 971 dictus
324 906 477 985 Boiscius‚
503 906 689 968 Graecorum
705 904 827 985 tragicis
846 905 1032 989 comicisque
1046 923 1109 965 non
1123 912 1171 966 est

132 1008 228 1072 itatus.
255 1010 304 1072 Ex
319 1006 429 1072 Alcaeo
444 1009 623 1090 exemplum
637 1008 727 1071 affert
740 1006 943 1090 Hephaestio:

173 1115 265 1199 δέξαι
279 1141 322 1203 με
337 1115 542 1202 κωμάζοντα,
558 1113 664 1199 δέξαι,
680 1112 843 1200 λίσσομαί
857 1138 904 1201 aa,
924 1110 1093 1201 λίσσομαι.
1211 1154 1217 1166 ·

172 1325 294 1408 5180.
333 1331 539 1390 Romanomm
561 1346 635 1391 vero
664 1336 696 1389 et
717 1329 825 1390 comici
853 1337 900 1409 et,
931 1325 1108 1408 dequibus
1137 1326 1170 1389 id
1270 1367 1273 1372 -

132 1430 216 1510 gabat
231 1432 387 1494 bentleius
409 1431 450 1494 ad
465 1433 527 1495 Cio.
544 1433 582 1506 Q.
603 1433 692 1495 ruso.
711 1432 734 1495 l.
753 1433 805 1495 11.
829 1433 865 1493 ll.
888 1433 936 1494 15.
963 1431 1067 1512 tragici
1082 1429 1169 1492 mul-

132 1551 153 1593 n
167 1537 215 1598 usi
230 1544 306 1598 sunt
319 1536 376 1598 hoo
391 1544 497 1597 metro.
524 1536 560 1598 V.
578 1535 675 1598 Elem.
696 1534 726 1597 d.
747 1554 787 1598 m.
807 1554 837 1617 p.
856 1536 926 1597 158.
946 1553 1012 1616 seq.
1039 1537 1170 1598 Vocatur

132 1642 187 1702 lem
203 1639 319 1702 Latinis
342 1639 586 1701 octonarius.

167 1844 191 1929 5
215 1843 291 1911 181.
329 1845 496 1909 Caesuram
519 1844 613 1915 habet
634 1845 684 1907 hic
705 1864 815 1909 versus
839 1844 1003 1926 duplicem.
1043 1844 1167 1907 Plautus

132 1962 144 2005 e
167 1950 199 2011 in
220 1958 330 2031 quarta
353 1951 415 2013 arsi
437 1948 562 2030 incidit,
588 1968 687 2033 eaque
708 1967 817 2015 caussa
841 1958 973 2012 metrum
993 1949 1051 2011 hoc
1070 1949 1168 2011 voluit

132 2061 295 2119 mutatum
310 2072 389 2133 esse,
408 2053 496 2117 hiatu
509 2061 541 2117 et
555 2052 644 2117 brevi
659 2053 778 2135 syllaba
794 2051 959 2117 indicante.
985 2052 1071 2117 Vtin
1086 2049 1167 2115 Am-

132 2157 241 2218 ΜΠ.
263 2159 341 2235 1,5.
373 2157 481 2219 Bacch.
501 2156 550 2219 lV.
570 2161 601 2236 9,
621 2159 650 2218 9.

166 2269 214 2333 ille
228 2270 338 2332 odoem
353 2268 472 2341 salvom
486 2267 616 2347 ndntiot,
636 2303 656 2315 -
673 2276 727 2332 out
744 2270 820 2330 irati
834 2268 996 2333 odoeotrim
1009 2270 1099 2333 senis.

166 2392 182 2432 o
200 2372 302 2451 Troia,
319 2393 334 2432 o
348 2360 464 2453 patrio,
479 2373 697 2455 oPeryomum,
714 2407 735 2418 -
748 2390 767 2434 o
780 2372 901 2435 Priamo
912 2373 1042 2459 periisti,
1058 2353 1162 2436 senec.

132 2485 222 2546 entio
244 2503 306 2544 non
322 2491 396 2545 sunt
410 2484 577 2562 asynarteti
599 2483 631 2545 hi
653 2502 781 2565 versus,
800 2483 884 2565 quod
906 2485 932 2547 is
953 2502 1112 2548 caesuram
1134 2485 1166 2546 in

132 2583 169 2665 si,
187 2606 268 2669 quae
283 2595 425 2671 quartam
441 2588 524 2658 arsin
539 2588 690 2669 seqnitur,
709 2588 810 2657 iacere
825 2587 911 2651 solet.

163 2792 187 2877 5
203 2790 280 2861 182.
315 2795 373 2857 Vbi
388 2795 420 2857 in
436 2795 497 2857 arsi
512 2803 621 2874 quarta
641 2791 832 2883 caesura'gfit,
851 2814 906 2877 pes
922 2802 1051 2879 quartus
1066 2812 1165 2876 purus

132 2888 200 2972 hus
214 2916 283 2960 esse
298 2896 400 2977 debet,
423 2896 685 2978 quemadmodum
701 2906 827 2961 octavus
842 2918 964 2980 semper
978 2917 1077 2981 purus
1092 2916 1164 2959 ser-

132 3013 177 3063 ιτ.
209 3001 274 3064 Sed
293 3001 347 3067 ubi
369 3002 532 3085 negligitur
545 3002 621 3067 haec
643 3020 786 3083 caesura,
813 3010 845 3067 et
863 3000 1000 3084 spondeo
1015 3002 1101 3065 locus
1117 3010 1165 3063 est

132 3096 246 3184 >actylo
266 3115 297 3169 et
316 3113 482 3186 anapaesto
502 3113 534 3167 et
551 3106 832 3186 proceleusmatico.
863 3105 959 3171 Plant.
979 3103 1092 3189 Amph.
1111 3104 1159 3167 lll.

140 3206 175 3269 4.
210 3210 279 3269 Ter.
297 3206 394 3272 Andr.
414 3209 436 3271 l.
457 3211 486 3290 3,
507 3211 536 3280 5.
557 3214 586 3291 1,
607 3213 636 3273 7.
669 3210 750 3280 Eun.
770 3210 818 3277 Ill.
839 3213 868 3292 b,
890 3214 940 3275 30.

162 3347 243 3391 ocae
260 3293 502 3410 Alnpbo'trcooem
517 3329 580 3401 uolt
593 3329 695 3397 aloen·
708 3332 792 3395 ocus
803 3338 910 3414 poter:
926 3330 1006 3414 famo
1020 3331 1124 3413 probe.

161 3429 284 3497 atillam
295 3432 610 3516 relinquendorum
622 3434 725 3513 ἤθικα
739 3435 937 3518 deopinabar,
949 3433 1158 3501 buiusmioos.

162 3534 214 3601 aad
235 3535 379 3617 qutdnam
397 3535 584 3618 Pamphilum
607 3539 815 3609 &metatum
835 3538 945 3614 video?
963 3557 1071 3609 vereor
1090 3538 1165 3622 quid

161 3741 250 3807 edicit
263 3760 301 3813 uc
315 3743 539 3825 vquclsqcom
555 3744 596 3817 od
609 3763 676 3809 coro
692 3650 937 3817 odaotsmdlmitt
950 3767 987 3815 aa
1002 3747 1160 3813 comodat

798 3853 938 3932 imperat.

161 3958 265 4019 Talem
281 3976 354 4020 vero
369 3966 571 4040 anapaestum
586 3963 641 4024 vix
661 3959 808 4026 credibile
823 3971 872 4027 est
891 3961 1062 4028 admissum
1076 3984 1155 4049 esse,

132 4053 176 4121 lis
190 4069 238 4154 est
252 4063 283 4125 in
300 4064 421 4126 Terent.
455 4060 553 4126 Andr.
572 4065 620 4127 lll.
641 4068 671 4146 5,
691 4068 721 4129 7.

162 4176 216 4256 poi
228 4174 456 4257 compotator
471 4176 602 4241 docere?
623 4198 684 4264 qao
695 4152 810 4262 fiddcio
823 4177 857 4242 td
869 4177 974 4260 [ocare
985 4179 1128 4247 atnam.
