2804 4912
366 296 403 337 nr
420 294 545 336 ιιιιιιιοιι
561 294 717 335 rainsrrns
734 292 934 335 scarlaacrrs.
1156 276 1195 334 53

10 450 17 535 ᾗ
84 467 269 513 caesuram
284 448 418 511 habente
433 450 466 510 in
482 449 542 510 flne
557 445 687 510 secundi
703 445 803 527 pedis,
818 447 901 509 arsin
916 446 1009 508 huius
1024 444 1113 526 pedis
1129 446 1196 506 sol-

10 534 17 661 λ’
82 559 207 631 runt,
234 553 353 614 etiamsi
376 551 430 632 qui
452 550 566 614 deinde
581 552 722 631 sequitur
736 549 828 630 ordo,
854 549 1039 629 adisyllaba
1054 550 1195 612 anaorusi

79 656 252 736 incipiat:
271 663 372 734 reete,
397 655 468 736 quia
492 656 536 716 sio
557 656 618 716 iam
641 673 703 716 non
722 653 858 716 secunda
874 654 952 716 arsis
967 672 1038 715 oum
1054 672 1195 733 soquen-

77 757 197 821 tibus
218 757 346 839 syllabis
368 767 404 820 ut
424 776 495 820 oum
519 758 597 820 thesi
620 777 678 821 sua
699 759 855 835 cohaeret,
880 755 938 819 sed
959 757 1035 818 istae
1057 755 1196 836 syllabae

74 863 187 923 novi
200 862 322 925 numeri
338 863 495 924 anaorusis
511 869 604 924 sunt:

199 963 273 1011 υέυ
288 1000 309 1010 -
332 962 552 1012 ναίω-νέα.

273 1098 325 1132 W

64 1182 266 1268 Aristoph.
286 1185 361 1251 leh.
384 1188 433 1250 47.

198 1281 270 1354 ἀλλ’
286 1281 478 1365 ἀθάνατος·
504 1282 523 1353 δ
539 1283 601 1373 γὰρ
617 1279 804 1377 Appiano
817 1283 996 1377 Δήμητρος
1009 1278 1057 1377 ἢν.

60 1390 181 1456 Pac.
198 1394 271 1456 ilo.

200 1488 240 1560 iat
254 1490 411 1581 Μέγαρα,
427 1487 569 1580 Μέγαρ’,
586 1488 633 1573 ὡς
647 1486 866 1583 δπινρλψεσθ’
883 1487 1014 1560 αὐτίκα.

60 1597 191 1662 Vide
211 1600 292 1671 Nub.
314 1603 384 1663 663.
417 1598 491 1662 th.
512 1601 583 1662 928.
617 1599 675 1662 Av.
697 1601 767 1662 loa.
802 1600 917 1662 aeoles.
938 1603 1011 1662 3⁴5.
1049 1599 1084 1662 ld
1107 1602 1198 1682 igitur

60 1719 117 1760 ea
128 1703 221 1766 dem
235 1703 312 1785 lege,
338 1703 510 1784 eodemque
524 1704 591 1767 iure
607 1704 651 1785 fit,
670 1722 732 1784 quo
747 1704 778 1763 in
794 1703 939 1783 pluribus
954 1723 1017 1765 una
1032 1707 1196 1786 perpetui-

61 1810 180 1868 tate
193 1808 374 1870 oontinuatis
389 1807 534 1870 versibus
549 1826 631 1887 eum,
650 1808 705 1886 qui
720 1807 818 1869 soluta
835 1807 896 1868 arsi
911 1807 1027 1888 finitur,
1042 1807 1196 1888 disyllaba

64 1912 270 1974 amo-usis
285 1920 387 1992 potest
401 1912 552 1992 excipere,
571 1918 607 1972 ut
621 1910 654 1970 in
669 1908 800 1972 Acharn.
823 1911 892 1971 iol.

200 2004 377 2100 Εὐριπίδη,
392 2004 604 2094 Εὐριπίδιον,

198 2111 400 2195 ὑπάκουσον,
418 2107 513 2199 εἴπερ
530 2106 662 2178 πώποτ’
678 2106 869 2199 ἀνθρώπων
884 2110 960 2181 τινί.

76 2205 186 2283 Nisi
195 2223 286 2303 priori
299 2221 452 2284 versiculo
471 2220 653 2285 addendum
675 2221 760 2303 quod
780 2223 922 2303 sequitur
940 2213 1012 2285 ἀλλ’
1028 2215 1067 2297 ού
1084 2217 1196 2303 exoli,

77 2323 151 2377 ut
172 2327 259 2389 voluit
273 2324 468 2388 Fritzsehius.

28 2590 32 2599 .
199 2532 221 2614 5
244 2528 320 2597 161.
357 2530 495 2594 Verbum
517 2532 597 2594 inter
619 2531 698 2594 duos
721 2551 830 2595 versus
852 2552 909 2614 per
930 2535 1031 2597 iocum
1054 2533 1195 2599 divisisse

77 2610 224 2699 ‘licitur
238 2635 365 2718 Eupolis
380 2655 429 2717 ap.
449 2634 546 2714 Heph.
566 2655 597 2715 p.
616 2638 655 2697 tl
676 2634 765 2717 (λλ).

198 2729 269 2802 ἀλλ’
286 2729 361 2818 mixi
375 2728 514 2801 δυνατόν
529 2730 634 2800 ἐστιν·
658 2728 696 2800 οὐ
713 2732 773 2822 γὰρ
789 2729 876 2800 ἀλλὰ
892 2759 976 2822 προ-

198 2835 365 2923 βούλευμα
380 2834 584 2922 βαστύζουσι
597 2842 656 2926 τῆς
671 2833 802 2916 πόλεως
815 2835 909 2925 μέγα.

81 2916 151 3003 Ῑῖί
165 2947 246 3010 nullo
260 2954 349 3028 paoto
364 2944 447 3008 oredi
462 2952 573 3025 potest.
606 2945 701 3005 lrnmo
716 2944 841 3006 videtur
855 2946 981 3027 Eupolis
998 2947 1104 3009 ultima
1119 2967 1196 3009 ver-

87 3040 170 3112 ⁸11s
183 3049 303 3131 syllaba
319 3049 351 3110 in
367 3047 446 3111 duas
462 3047 573 3109 breves
588 3048 688 3109 soluta
703 3049 878 3129 scripsisse:

197 3142 270 3214 ἀλλ’
287 3141 361 3231 mixi
376 3143 515 3214 δυνατόν
531 3142 637 3213 ἔστιν·
660 3139 698 3212 ού
715 3142 776 3233 γὰρ
793 3140 879 3214 itta
893 3173 927 3214 τι
941 3171 1026 3235 προ-

197 3247 367 3337 βούλευμα
380 3245 585 3335 perrogatur
599 3251 658 3338 τῆς
672 3245 804 3329 πόλεως
816 3248 910 3337 μέγα.

94 3344 164 3424 Sic
177 3363 271 3423 etiarn
287 3358 506 3440 Aristophanes
521 3359 597 3418 Rau.
616 3358 708 3419 1203.

198 3457 257 3526 καὶ
271 3453 437 3546 κωδάριον
450 3453 509 3522 καὶ
524 3451 687 3544 ληκύθιον
702 3455 759 3523 καὶ
775 3454 940 3524 θυλάκιον

200 3560 234 3630 ἐν
249 3563 323 3639 τοῖς
339 3555 552 3645 ὶαμβείοισιν.

93 3660 260 3756 Apertum
284 3678 332 3731 est
353 3668 411 3730 hoo
432 3687 494 3730 non
517 3686 607 3748 posse
623 3667 689 3730 fieri
703 3668 762 3729 nisi
778 3687 875 3749 quum
890 3672 990 3733 omnia
1014 3690 1075 3734 uno
1090 3682 1195 3736 tenore

94 3773 363 3849 pronuntiantur.

198 3958 314 4044 5162.
348 3960 527 4042 spondeum
550 3960 657 4022 Graeci
678 3979 849 4041 numquam
872 3963 903 4022 in
923 3962 997 4026 sede
1015 3967 1097 4046 pari,
1124 3967 1144 4028 i.
1164 3987 1191 4029 e.

98 4065 266 4145 seeundo,
292 4074 417 4145 quarto,
444 4073 530 4126 sexto
545 4062 626 4144 pede
642 4063 846 4142 admiserunt3
873 4067 970 4127 Latini
986 4086 1078 4149 saepe
1093 4071 1124 4128 in
1140 4088 1195 4130 se-

101 4169 218 4235 eundo
232 4177 264 4231 et
278 4178 403 4249 quarto,
430 4185 601 4248 numquam
617 4168 649 4228 in
664 4176 767 4230 sexto:
795 4167 851 4230 sed
870 4177 980 4232 aurant
993 4171 1037 4231 illi
1052 4170 1193 4251 plerum-
