2804 4912
161 254 202 313 92
554 274 610 317 rra.
631 274 663 317 ιι.
689 274 751 316 mr.
770 274 840 315 mu.

158 433 247 504 ptura
263 435 320 488 est.
354 426 508 508 Plerisque
528 429 561 488 in
582 427 656 488 locis
671 446 733 490 non
748 427 873 489 videtur
888 424 1024 488 dubitari
1039 444 1150 506 posse,
1170 426 1245 505 quin

157 529 326 608 elegantius
357 549 412 610 pro
437 528 559 609 -dactyli
595 529 744 593 solutione
774 530 961 592 habeantur:
1003 539 1040 592 ut
1067 530 1102 590 in
1132 526 1241 609 Agam.

160 629 252 693 llll.
274 633 367 694 llas.

242 747 618 838 χθονοτρεφὲς-ἐδανὸν
637 742 659 839 ἢ
681 746 795 815 nocc'r.

244 848 431 943 περίφρονα
454 847 638 934 δ’·ἓλακες,
661 848 771 940 ὥςπερ
786 842 855 919 οὖν.

242 1059 358 1144 §272
385 1066 528 1144 Quinque
535 1062 669 1144 denique
676 1064 789 1126 breves
797 1065 1050 1147 syllabasssretici
1057 1064 1246 1129 solutionem

157 1184 235 1245 esse,
254 1167 314 1229 iam
330 1186 424 1250 supra
440 1167 638 1231 observatum
653 1166 672 1250 §
688 1167 761 1229 259.

243 1369 358 1454 5273.
385 1374 432 1437 Ex
453 1376 566 1437 latinis
586 1377 685 1455 poetis
710 1376 796 1438 solus
818 1375 957 1455 Plautus,
988 1374 1045 1437 sed
1070 1376 1097 1436 is
1119 1394 1248 1456 quoque
1286 1444 1288 1451 ,

156 1494 242 1555 raro,
268 1477 454 1541 dochmiacis
475 1477 619 1542 versibus
647 1497 724 1542 usus
744 1477 878 1542 videtur.
919 1481 962 1543 lta
983 1480 1016 1541 in
1038 1479 1249 1542 Menaechmis

157 1581 191 1641 V.
213 1583 241 1659 li,
255 1582 284 1642 9.

242 1701 381 1782 verbera,
401 1703 561 1783 cumpadis,

241 1805 348 1884 molae,
365 1807 479 1887 maican
495 1804 650 1885 lcitsittidl,
668 1807 775 1888 fumes.

239 2008 354 2092 5274.
383 2010 445 2074 Sed
472 2011 556 2094 apud
578 2013 662 2075 hunc
683 2015 776 2076 etiam
799 2015 957 2076 Bacchiaci
980 2033 1091 2077 versus
1119 2014 1247 2079 dimetri

154 2114 320 2175 catalectici
341 2116 551 2195 inveniuntur,
570 2117 624 2197 qui
640 2115 724 2196 quod
740 2136 885 2180 mensura
906 2116 1013 2180 eadem
1030 2136 1093 2197 qua
1109 2117 1246 2181 dochmii

155 2226 238 2293 sunt,
258 2216 429 2280 cavendum
446 2237 484 2280 ne
500 2238 571 2282 cum
587 2219 634 2280 his
649 2219 887 2282 confundantur.
914 2222 980 2282 Non
996 2221 1078 2283 enim
1095 2219 1246 2285 videntur

155 2318 322 2383 dochmiaci
338 2340 415 2384 esse.
450 2323 492 2384 De
507 2323 555 2384 his
570 2322 649 2385 inira
665 2321 784 2386 dicetur
798 2320 816 2405 §
833 2324 905 2385 282.

566 2656 679 2726 OAP.
693 2655 827 2726 xxn.

405 2808 463 2878 De
490 2808 694 2880 versibus
721 2807 995 2880 Bacchiacis.
1090 2874 1093 2879 .

238 2972 351 3058 5275.
379 2980 471 3039 Bacc
480 2978 499 3037 h
508 2979 632 3039 lacum
648 2996 812 3039 numerum
825 2986 945 3040 veteres
958 2980 1075 3041 metrici
1087 2979 1128 3043 ad
1140 3000 1243 3061 genus

155 3081 337 3159 paeonicum
353 3081 501 3160 retulere,
528 3090 563 3142 ut
583 3081 712 3144 secundi
735 3083 876 3160 quartive
893 3082 1018 3162 paeonis
1033 3086 1245 3147 contractione

154 3193 272 3245 natum.
299 3186 359 3246 Nos
379 3204 451 3246 cum
473 3193 599 3263 propter
620 3184 783 3246 iambicam
805 3185 967 3246 anacrnsin
989 3185 1153 3247 trochaicis
1176 3205 1246 3250 nu-

155 3287 247 3348 meris
262 3287 478 3365 adiunximuS‚
505 3288 575 3348 licet
597 3306 630 3349 re
646 3308 719 3349 vera
742 3288 928 3368 spondiacus
951 3288 991 3348 sit
1006 3307 1077 3350 cum
1096 3291 1246 3354 anacrusi

155 3390 295 3452 iambica.
317 3392 511 3453 Meritoenim
519 3390 704 3469 displicebat
714 3392 849 3471 antiquis
857 3391 1242 3474 numerusamphibrachi,

154 3493 179 3554 si
195 3495 366 3574 iteraretur,
384 3503 510 3575 propter
525 3494 650 3554 nimiam
666 3492 865 3556 debilitatem.
887 3496 989 3567 Quare
1004 3503 1041 3557 ut
1054 3514 1126 3556 eum
1143 3497 1246 3561 robo-

153 3606 272 3675 rarent,
298 3598 474 3660 trochaeum
497 3598 528 3658 in
544 3595 719 3678 spondeum
735 3607 904 3660 mutarunt.
938 3598 1004 3658 Non
1019 3598 1117 3661 multa
1133 3601 1247 3665 melior

152 3709 200 3762 cst
214 3718 363 3763 uumerus
378 3699 666 3781 palimliamhiacus,
685 3720 702 3759 a
719 3719 781 3780 quo
791 3701 906 3780 pariter
920 3699 1149 3781 abstinuerunt,
1171 3704 1247 3769 licet

152 3804 235 3865 hunc
246 3813 283 3866 ut
292 3803 411 3865 virilem
427 3812 459 3865 et
468 3821 592 3884 gravem
608 3802 713 3866 laudet
720 3804 886 3883 Dionysius
899 3803 963 3865 ll'al.
980 3800 1019 3865 de
1031 3823 1130 3888 comp.
1149 3808 1240 3871 verb.

152 3927 182 3987 p.
200 3908 269 3968 296.
290 3906 339 3968 ed.
360 3905 480 3967 Schaei.
499 3907 556 3969 hoc
570 3907 712 3988 exemplo
728 3926 820 3969 usus:

238 4019 305 4100 σοι’,
326 4025 433 4108 Φοῖβε
448 4018 590 4094 Μοῦσαί
603 4047 651 4106 τε,
667 4028 854 4111 muricipem.

153 4147 229 4211 vua
244 4146 263 4233 a
280 4149 350 4215 tas.
