2804 4912
159 296 200 357 90
560 310 617 353 nra.
637 310 670 351 n.
706 307 768 351 mr.
787 307 845 349 xxi.

244 468 268 549 ἦ
283 463 360 531 265.
386 468 497 529 Rarius
512 463 575 526 duo
590 463 724 525 trochaei
738 462 783 523 sic
798 460 879 522 inter
889 459 1027 539 dactylos
1043 457 1136 521 medii
1154 468 1245 521 sunt:

158 572 240 633 utin
256 572 356 632 Orest.
379 571 450 631 tte.

246 677 447 769 διοιχόμεθ’,
471 674 647 767 οἰχόμεθα.
674 676 802 747 κτύπον
822 673 962 769 ἠγάγετ’,
987 674 1062 763 cdxl
1085 682 1178 767 σῖγα,

244 793 321 875 σῖγα
344 782 599 878 φυ-λαοσομένα
623 781 798 869 πόματος.

157 916 197 977 Et
211 915 293 975 alibi.

1041 982 1050 993 ⁸
1097 1008 1111 1041 τ

242 1121 266 1201 ᾖ
281 1117 358 1183 266.
387 1121 484 1198 Saepe
500 1120 592 1180 etiam
608 1117 722 1198 dactyli
738 1118 769 1178 in
785 1118 868 1179 arsin
883 1118 1038 1179 terminati
1053 1116 1253 1196 praecedunt

157 1223 360 1286 dochmiaees.
395 1223 500 1303 Eurip.
520 1223 591 1283 llec.
614 1223 706 1283 ll02.

243 1333 264 1427 ἢ
287 1334 422 1427 Σείριος
437 1335 522 1406 ἔνθα
537 1333 642 1427 πυρὸς
658 1334 803 1427 φλογέας
818 1330 922 1427 ἀφίη-

245 1466 297 1509 σιν
312 1435 420 1509 ὅσσων
436 1435 549 1535 αὐγάς.

241 1650 357 1736 5267.
388 1654 524 1733 Denique
540 1651 695 1715 interdum
712 1654 804 1715 etiam
820 1651 977 1731 spondeus
993 1670 1076 1712 nunc
1091 1651 1256 1730 praecedit

156 1759 349 1839 dochminm,
369 1776 453 1819 nunc
468 1754 577 1819 mediis
593 1755 742 1818 dochmiis
758 1756 912 1819 inseritur.
947 1753 1055 1817 Aesch.
1077 1756 1109 1817 S.
1131 1755 1177 1817 ad
1192 1756 1249 1817 Th.

157 1865 207 1923 78.
241 1861 347 1942 Eurip.
368 1859 478 1921 Troad.
499 1862 571 1921 963.

242 1972 539 2066 θρεῦμαι-φοβερὰ
559 1970 673 2062 μεγάλ’
697 1967 770 2063 ἄχη.

240 2077 432 2166 ταύταν-τῴ
447 2074 556 2156 πάλος
571 2074 717 2164 clangor,-

156 2207 216 2267 lon.
243 2208 331 2265 tlte.

240 2319 469 2386 καταδεθεῖσα
485 2313 878 2406 σὰν-ψυχὰν-ἇαέβαλον,
894 2319 1016 2386 τέκνον.

155 2446 215 2519 Qui
230 2443 387 2527 spondeus
404 2443 527 2506 videtur
542 2444 703 2507 trochaeus
719 2453 877 2507 semantus
893 2464 971 2507 esse.

242 2648 354 2733 5268.
381 2654 539 2713 Praeterea
552 2653 643 2713 etiarn
657 2651 749 2730 duae,
770 2661 842 2732 tres,
857 2661 1004 2735 quattuor
1015 2654 1127 2715 breves
1146 2657 1246 2734 sylla-

156 2758 213 2819 bae
230 2754 320 2817 modo
335 2754 526 2835 praecedunt
540 2755 732 2836 doehmium,
752 2755 843 2819 modo
859 2754 976 2817 medios
991 2758 1071 2819 inter
1086 2756 1243 2821 dochmios

153 2862 356 2923 collocantur:
376 2878 532 2939 quaeque
548 2879 677 2922 numero
691 2861 771 2940 sint,
790 2879 882 2941 saepe
897 2859 1079 2941 ambiguum
1094 2871 1153 2924 est.
1187 2862 1240 2925 vi-

153 2963 268 3026 dentur
288 2972 393 3025 autern
415 2972 447 3024 et
468 2963 524 3024 bae
545 2963 701 3045 syllabae,
727 2972 774 3044 et,
800 2962 838 3025 de
854 2982 914 3043 qua
938 2962 1029 3026 modo
1045 2963 1164 3026 dictum
1181 2972 1234 3043 est,

153 3067 279 3149 dactyli,
291 3075 357 3128 turn
370 3067 462 3128 etiam
474 3066 607 3128 trochaei
620 3066 811 3146 aliorumque
824 3065 1028 3146 quorumdam
1042 3086 1233 3129 numerorum

153 3190 224 3232 cum
245 3169 394 3232 dochmiis
416 3169 615 3247 consociatio,
642 3188 659 3229 e
686 3170 986 3250 paracataloge,
1017 3189 1112 3249 <pram
1134 3168 1232 3233 musici

154 3282 281 3353 vocant,
301 3270 482 3355 explicanda
498 3291 576 3333 esse.
612 3272 696 3332 llane
711 3292 750 3332 ex
767 3274 821 3352 iis,
849 3292 928 3353 quae
945 3270 1124 3337 Aristoteles
1139 3271 1229 3335 Probl.

153 3378 203 3437 lll.
233 3381 262 3437 6.
304 3375 484 3438 Plutarchus
514 3373 552 3436 de
583 3375 701 3437 musica
730 3395 761 3455 p.
784 3377 877 3437 atre.
903 3376 934 3436 F.
963 3384 994 3437 et
1021 3376 1114 3438 tttt.
1141 3372 1176 3438 A.
1204 3386 1250 3445 ει

155 3479 325 3558 Hesychius
342 3480 372 3539 in
388 3470 554 3563 καταλογὴ
571 3476 694 3557 dicunt,
714 3498 812 3558 genus
828 3478 959 3539 canendi
975 3478 1053 3543 illud
1069 3480 1132 3541 lere
1147 3480 1266 3553 luisse

152 3583 339 3663 colligimus,
360 3580 444 3661 quod
459 3579 548 3642 hodie
564 3582 758 3644 recitativum
775 3591 898 3644 vocant:
925 3581 1008 3663 (yuod
1025 3584 1171 3663 quoniam
1185 3600 1270 3645 sos

153 3687 294 3748 latiorem
316 3683 409 3746 babet
430 3704 608 3765 compagem
631 3704 849 3766 numerorum,
881 3687 1039 3765 aptissime
1069 3687 1161 3750 modo
1186 3703 1277 3767 ραν

151 3790 300 3851 incertam
327 3788 411 3849 illam
433 3787 577 3852 brevium
599 3788 791 3871 syllabarum
816 3788 1047 3869 titubationem,
1074 3791 1165 3854 modo
1188 3806 1285 3871 per

153 3893 265 3953 lentam
282 3892 493 3953 remissionem
513 3893 635 3955 numeri
651 3892 819 3955 dochmiaei
842 3893 873 3953 in
889 3894 1007 3954 exitum
1023 3894 1291 3975 spondiaeum·

153 3994 241 4056 modo
264 3996 355 4056 etiam
379 4014 435 4074 per
458 3996 634 4059 instabilem
656 3995 769 4076 dactyli
791 3995 964 4057 trochaeive
988 4006 1059 4058 ante
1083 3989 1291 4061 coccinio

152 4101 305 4160 incessum
322 4099 513 4181 exprimitur.
550 4100 588 4161 llt
610 4099 803 4179 dactylorum
818 4099 996 4180 exemplum
1013 4101 1042 4162 in
1060 4102 1169 4179 primis
1188 4112 1247 4157 a
1264 4108 1291 4145 ⁴

154 4201 380 4267 commodatum
411 4213 458 4266 est
487 4202 697 4266 ostendendae
727 4222 766 4264 ex
797 4204 892 4265 firmis
923 4205 1077 4284 certisque
1104 4209 1291 4269 numss'·
