2804 4912
433 290 468 332 oe
484 290 615 332 vahstaus
632 290 805 332 oereomus.
1101 271 1159 333 169

156 441 181 522 §
195 438 273 506 467.
301 444 334 504 ln
345 443 542 504 Pherecrateo
556 454 660 505 autom
674 463 777 523 versu,
796 446 822 505 si
838 464 876 505 ox
889 445 995 524 paueis
1006 445 1159 524 exereplis

65 547 278 608 ooniecturam
294 545 394 608 iacere
410 547 490 626 lieet,
511 547 659 608 usitatiori
676 548 790 609 lornrao

169 667 189 718 ,ζ
213 667 232 718 .'.
258 662 397 748 λέων-ὖ
864 675 888 718 4

64 772 161 831 etiam
179 770 273 831 altera
286 769 384 832 videri
399 779 500 851 potest
515 771 701 852 respondere

158 885 330 937 Lw-u-0

64 991 107 1055 ht
122 1013 185 1056 nou
200 1003 275 1075 puto
290 995 348 1056 hoo
362 994 425 1056 ullo
438 996 521 1075 quod
533 1006 652 1060 eertum
663 998 854 1076 sitexemplo
866 997 1038 1057 eoulirruari
1052 1016 1152 1076 posse.

63 1097 157 1170 Quod
173 1098 203 1156 iu
221 1098 378 1179 Sophoclis
393 1096 542 1179 Antigona
562 1123 590 1161 v.
612 1105 683 1163 007.
704 1102 813 1162 leviter
836 1109 985 1162 mutatum
1006 1098 1066 1160 hue
1088 1109 1156 1161 tra-

62 1210 149 1263 ctum
167 1210 242 1280 erat,
269 1190 337 1263 oile'
361 1191 529 1282 ἀκάματοι
553 1205 643 1266 θεῶν
663 1205 773 1288 μῆνες,
791 1205 896 1267 multis
912 1213 960 1265 est
975 1203 1155 1265 coniecturis

63 1313 231 1383 tentatum,
250 1305 420 1385 exquibus
436 1307 520 1386 quod
534 1307 604 1368 olim
621 1308 754 1369 conieci:

153 1430 233 1504 οἷίτε
256 1443 347 1505 θεῶν
367 1432 508 1528 όκμητοι

60 1581 204 1642 omnium
228 1588 275 1642 est
301 1580 495 1661 facillimum,
521 1602 619 1663 eoque
641 1583 850 1664 probabilius,
879 1584 963 1662 quod
986 1586 1155 1663 Hesychius

59 1672 209 1767 ἆκμητεί
222 1685 441 1764 interpretatur
456 1676 632 1767 όκαματοί.
664 1685 840 1768 Respondet
857 1707 885 1747 v.
906 1688 982 1748 618.

152 1813 260 1883 εἰδότι
282 1811 312 1883 d’
335 1811 432 1885 οόόὲν
453 1816 559 1905 ἕρπει.

59 1961 96 2020 ln
114 1958 273 2039 Euripidis
288 1958 393 2022 Medea
411 1961 483 2022 t57.
504 1964 575 2023 tta.

149 2085 238 2171 Ζεός
260 2115 315 2160 σοι
337 2089 418 2159 τάδε
440 2092 637 2184 συνόικήσει.
660 2094 705 2185 μὴ
730 2095 814 2164 λίαν.

151 2201 297 2262 σπεῦσον
317 2193 356 2264 δέ
374 2221 407 2263 τι
429 2198 509 2285 πρὶν
529 2203 680 2266 κακῶσαι
704 2201 781 2278 τοὺς
804 2199 880 2283 ἔσω,

57 2339 124 2399 iam
140 2339 213 2399 olim
229 2339 430 2402 scribendum
446 2359 513 2403 esse
530 2343 645 2403 monui.

148 2575 263 2659 §468
292 2583 380 2643 Nune
395 2581 434 2643 do
450 2585 579 2662 singulis
596 2585 738 2662 prutibus
750 2585 974 2662 Glyconeorum
991 2598 1022 2649 et
1037 2589 1153 2649 Phere-

57 2692 234 2744 crateorum
248 2683 408 2763 explicabo
444 2684 468 2746 Λ
482 2685 526 2745 ba
536 2689 568 2746 si
585 2688 731 2750 exclusus
743 2689 938 2768 pyrrhirhius
950 2689 1034 2771 apud
1047 2691 1152 2751 saeni-

56 2805 111 2846 cos
127 2794 160 2845 et
173 2787 203 2845 in
219 2789 357 2866 graviore
373 2791 457 2866 poesi
473 2790 578 2870 lyrica.
612 2792 719 2871 Neque
735 2791 858 2851 omnino
875 2812 945 2853 oum
962 2792 1072 2872 pedem
1091 2812 1151 2853 us-

57 2907 155 2967 quam
172 2893 303 2970 repperi.
331 2893 450 2972 Reliqui
463 2892 558 2974 podes
570 2892 715 2974 disyllabi
727 2894 812 2974 apud
827 2897 963 2956 seonieos
975 2897 1148 2976 promiscuo

56 3003 261 3072 usurpantur,
282 3003 317 3055 ut
328 2995 430 3074 quivis
442 2998 540 3058 ouivis
556 2997 751 3076 respondeat.
777 2997 979 3059 Tribraohum
996 3000 1146 3060 recentior

57 3095 194 3155 maxime
210 3097 363 3176 tragoedia
380 3099 598 3179 frequentavit.
624 3102 730 3182 Eurip.
746 3103 858 3162 Phoen.
875 3103 948 3164 att.
976 3101 1037 3164 Sed
1053 3112 1146 3165 totam
1240 3173 1243 3180 .

55 3197 216 3277 stropham
232 3211 326 3280 atque
341 3203 564 3282 antistropham
579 3206 681 3285 afferri
697 3214 850 3286 praestat:

208 3330 339 3420 „potov
360 3326 463 3420 οἶδμα
485 3332 620 3405 λιποόσ’
638 3334 716 3421 ἔβαν
1015 3362 1083 3426 στρ.

215 3429 396 3522 ἀκροθίνια
415 3438 534 3529 Λοξίᾳ

268 3537 452 3627 Φοινίσσας
472 3538 541 3609 ἆπό
565 3541 668 3611 νόσον

267 3640 383 3731 Φοίβῳ
407 3642 512 3711 δούλα
534 3642 726 3733 μελάθρων,

167 3751 185 3806 ·“›
217 3738 257 3807 ἵν’
275 3742 344 3841 ὑπὸ
367 3745 499 3835 δειράσι
522 3744 718 3840 νιφοβόλοις

263 3852 468 3936 Παρνασσοῦ
487 3851 697 3942 κατενόσθην

209 3945 327 4017 Ἰόνιον
348 3951 433 4020 κατὰ
454 3951 579 4050 πόντον
599 3952 676 4023 ἐλό-

212 4079 254 4144 τρι
275 4051 449 4123 πλεύσασα
471 4056 675 4148 περιῤῥότων

212 4153 296 4244 ὑπὲρ
320 4153 535 4246 ἀκαρπίστων
558 4159 684 4230 πεδίων
