2804 4912
154 308 215 370 166
563 324 620 366 nra.
640 324 684 366 ru.
711 323 773 365 car.
793 323 825 365 11.

152 481 250 540 Prima
273 480 355 539 enim
377 498 476 558 eaque
501 478 633 541 maxime
657 477 788 557 simplex
816 485 847 537 ct
867 476 991 555 elegans
1015 474 1248 555 Glyconeorum

152 582 249 644 forma
264 583 339 645 haee
353 593 417 646 est:

249 720 269 773 ,ζ
306 720 326 772 ,ζ
350 715 511 805 ’.ξω-υ-

151 841 241 915 Quod
264 860 361 921 genus
379 861 524 903 versuum
547 841 731 920 plerumque
755 848 922 918 systemate
938 837 1029 916 lacit,
1053 856 1143 918 quae
1158 856 1251 900 versu

153 946 343 1025 catalectico,
363 948 417 1026 qni
431 947 721 1006 Pherecrateus
736 941 865 1021 dicitur,
886 941 966 1002 liniri
981 942 1108 1004 solent:

250 1085 269 1138 ,ζ
308 1086 326 1139 ,ζ
354 1078 494 1167 ,Lem-U

153 1207 259 1286 Eurip.
278 1204 426 1269 Androm.
448 1207 520 1269 502.

239 1335 293 1405 all
317 1337 380 1428 ἐγὼ
400 1337 499 1428 χέρας
520 1336 658 1427 αἱματη-

238 1442 300 1531 ρὰς
318 1441 470 1531 βρόχοισι
491 1439 682 1526 κεκλειμένα

238 1544 420 1631 πέμπομαι
441 1545 527 1612 κατὰ
547 1542 654 1633 γαίας.

238 1808 350 1891 §46st
377 1812 436 1885 Qui
448 1810 753 1890 polyschcmatistum
764 1809 821 1869 hoe
831 1817 964 1870 metrum
976 1806 1140 1888 lecerunt,
1157 1812 1253 1891 primo

154 1914 359 1995 logaocdieum
372 1914 510 1976 ordinem
524 1917 555 1974 in
567 1913 779 1975 choriambum
796 1920 827 1973 ct
838 1912 976 1973 iambum
994 1920 1179 1993 mutarunt,
1195 1933 1252 1995 quo

153 2018 321 2098 penultima
338 2019 455 2098 syllaba
472 2037 586 2098 anceps
601 2017 681 2078 facta
695 2024 758 2077 est:

250 2137 270 2191 ,ἶ
307 2138 326 2190 ,l
354 2134 468 2222 1-ὐυ-
481 2136 485 2220 l
498 2133 547 2182 GL

153 2260 259 2339 Eurip.
279 2260 398 2340 hippol.
416 2260 488 2321 ill.

239 2373 300 2452 τὰς
320 2370 561 2465 ἦλεκτροφαεῖς
582 2370 694 2461 αὐγάς.

155 2521 235 2580 llaec
255 2535 369 2598 anceps
390 2518 532 2596 propria,
563 2517 622 2577 nisi
645 2517 750 2596 fallor,
784 2516 974 2577 scenicorum
996 2524 1171 2592 poetarum
1193 2527 1244 2578 est.

154 2622 193 2683 Et
215 2639 312 2702 quum
335 2621 410 2682 haee
431 2621 545 2699 ferma,
569 2623 626 2681 etsi
642 2620 733 2682 valde
757 2619 879 2681 diversa
902 2616 1126 2681 adochmiaco
1142 2630 1244 2697 metro,

154 2735 275 2803 tamen,
300 2724 367 2785 basi
389 2733 534 2804 excepta,
560 2722 669 2784 iisdem
691 2721 819 2802 syllabis
843 2730 978 2800 constet,
1005 2722 1132 2800 quibus
1153 2724 1248 2786 doeh-

155 2829 259 2907 miaci,
290 2828 345 2889 ubi
371 2829 402 2888 in
429 2829 465 2889 iis
492 2829 580 2907 longa
608 2834 656 2887 est
680 2828 778 2905 prima
805 2825 978 2902 anacrusiS,
1010 2825 1120 2888 soluta
1148 2836 1246 2889 autom

153 2933 252 3010 prima
267 2933 362 2992 arsis:

239 3033 428 3152 oc'aprpcr

155 3188 318 3266 rhythmici
347 3188 409 3251 duo
432 3208 542 3269 genera
571 3189 817 3251 dochmiacorum
840 3187 1087 3268 constituerunt,
1117 3209 1248 3271 quorum

155 3293 271 3352 metrici
287 3291 417 3353 alterum
438 3292 546 3354 eodem
562 3294 701 3371 nomine,
727 3291 856 3353 alterum
873 3290 1066 3370 Glyconeum
1083 3303 1245 3357 vocarunt.

155 3395 222 3456 vid.
236 3392 361 3457 Aristid.
381 3397 559 3480 Quintil.}p.
576 3398 626 3456 39.

240 3650 498 3738 §hilf-,Ordine
522 3654 692 3734 logaoedieo
708 3657 740 3717 in
755 3653 964 3715 choriambum
981 3662 1012 3713 et
1032 3655 1185 3719 iambum
1201 3656 1251 3719 di-

156 3756 220 3817 viso
239 3757 347 3819 variari
363 3777 528 3819 numerum
544 3759 661 3838 placuit
675 3778 731 3838 per
747 3759 1034 3839 transpositionem,
1054 3759 1102 3820 ita
1119 3762 1252 3824 utiam-

155 3857 215 3919 bus
231 3860 288 3920 iste
303 3869 374 3922 ante
396 3861 606 3924 choriambum
629 3862 792 3924 collocatus
808 3864 839 3923 in
862 3852 1042 3923 trochaeum
1059 3872 1249 3945 mutaretur,

155 3963 228 4040 quia
244 3961 333 4022 basin
348 3966 425 4025 arsis
441 3966 529 4044 sequi
545 3965 655 4027 debet:

253 4087 272 4136 J.
310 4086 329 4137 ,ἶ
359 4082 362 4169 ⁴
377 4082 424 4130 LO
438 4085 442 4170 p
456 4087 551 4132 ΔΛ]-

241 4192 298 4267 tat
320 4197 517 4290 πεντήκονθ’
539 4200 715 4293 οὑψιβίας.
