<?xml version="1.0" encoding="UTF-8"?>
<!DOCTYPE html PUBLIC "-//W3C//DTD XHTML 1.0 Transitional//EN"
    "http://www.w3.org/TR/xhtml1/DTD/xhtml1-transitional.dtd">
<html xmlns="http://www.w3.org/1999/xhtml" xml:lang="en" lang="en">
 <head>
  <title>
</title>
<meta http-equiv="Content-Type" content="text/html;charset=utf-8" />
  <meta name='ocr-system' content='tesseract 3.04.00' />
  <meta name='ocr-capabilities' content='ocr_page ocr_carea ocr_par ocr_line ocrx_word'/>
</head>
<body>
  <div class='ocr_page' id='page_1' title='image "./godofrediherman00hermgoog/godofrediherman00hermgoog_0249.png"; bbox 0 0 2804 4912; ppageno 0'>
   <div class='ocr_carea' id='block_1_1' title="bbox 417 343 1274 409">
    <p class='ocr_par' dir='ltr' id='par_1_1' title="bbox 417 343 1274 409">
     <span class='ocr_line' id='line_1_1' title="bbox 417 343 1274 409; baseline 0.006 -5"><span class='ocrx_word' id='word_1_1' title='bbox 417 363 453 404; x_wconf 73' lang='lat' dir='ltr'>mr</span> <span class='ocrx_word' id='word_1_2' title='bbox 470 362 609 405; x_wconf 84' lang='lat' dir='ltr'>srnorms</span> <span class='ocrx_word' id='word_1_3' title='bbox 626 358 707 404; x_wconf 75' lang='lat' dir='ltr'>roim</span> <span class='ocrx_word' id='word_1_4' title='bbox 723 363 758 405; x_wconf 81' lang='lat' dir='ltr'>rr</span> <span class='ocrx_word' id='word_1_5' title='bbox 775 358 897 408; x_wconf 80' lang='lat' dir='ltr'>suctum</span> <span class='ocrx_word' id='word_1_6' title='bbox 911 362 1043 409; x_wconf 74' lang='lat' dir='ltr'>annonis.</span> <span class='ocrx_word' id='word_1_7' title='bbox 1212 343 1274 409; x_wconf 70' lang='lat'>209</span> 
     </span>
    </p>
   </div>
   <div class='ocr_carea' id='block_1_2' title="bbox 145 477 1278 598">
    <p class='ocr_par' dir='ltr' id='par_1_2' title="bbox 145 477 1278 598">
     <span class='ocr_line' id='line_1_2' title="bbox 145 477 1278 598; baseline 0.004 -23"><span class='ocrx_word' id='word_1_8' title='bbox 145 477 268 586; x_wconf 49' lang='grc' dir='ltr'>ΜΝ,</span> <span class='ocrx_word' id='word_1_9' title='bbox 297 514 387 577; x_wconf 92' lang='lat' dir='ltr'>modo</span> <span class='ocrx_word' id='word_1_10' title='bbox 408 516 485 576; x_wconf 90' lang='lat' dir='ltr'>terni</span> <span class='ocrx_word' id='word_1_11' title='bbox 508 533 617 576; x_wconf 86' lang='lat' dir='ltr'>versus</span> <span class='ocrx_word' id='word_1_12' title='bbox 631 515 819 596; x_wconf 86' lang='lat' dir='ltr'>tcohaercnt,</span> <span class='ocrx_word' id='word_1_13' title='bbox 849 515 944 598; x_wconf 87' lang='lat' dir='ltr'>idque</span> <span class='ocrx_word' id='word_1_14' title='bbox 965 526 1047 579; x_wconf 87' lang='lat' dir='ltr'>certo</span> <span class='ocrx_word' id='word_1_15' title='bbox 1067 518 1190 596; x_wconf 83' lang='lat' dir='ltr'><strong>ordine,</strong></span> <span class='ocrx_word' id='word_1_16' title='bbox 1221 520 1278 581; x_wconf 92' lang='lat' dir='ltr'>hoc</span> 
     </span>
    </p>
   </div>
   <div class='ocr_carea' id='block_1_3' title="bbox 154 597 1139 786">
    <p class='ocr_par' dir='ltr' id='par_1_3' title="bbox 154 597 1139 786">
     <span class='ocr_line' id='line_1_3' title="bbox 154 597 295 678; baseline 0.05 -40"><span class='ocrx_word' id='word_1_17' title='bbox 154 597 295 678; x_wconf 55' lang='lat' dir='ltr'>modo,</span> 
     </span>
     <span class='ocr_line' id='line_1_4' title="bbox 320 722 1139 786; baseline 0.004 -3"><span class='ocrx_word' id='word_1_18' title='bbox 320 723 349 783; x_wconf 73' lang='lat'>2.</span> <span class='ocrx_word' id='word_1_19' title='bbox 403 723 433 782; x_wconf 76' lang='lat'>2.</span> <span class='ocrx_word' id='word_1_20' title='bbox 475 722 504 782; x_wconf 87' lang='lat'>3.</span> <span class='ocrx_word' id='word_1_21' title='bbox 545 723 575 783; x_wconf 74' lang='lat'>2.</span> <span class='ocrx_word' id='word_1_22' title='bbox 624 724 654 783; x_wconf 76' lang='lat'>2.</span> <span class='ocrx_word' id='word_1_23' title='bbox 718 725 747 784; x_wconf 87' lang='lat'>3.</span> <span class='ocrx_word' id='word_1_24' title='bbox 811 725 840 785; x_wconf 71' lang='lat'>9.</span> <span class='ocrx_word' id='word_1_25' title='bbox 889 727 918 786; x_wconf 69' lang='lat'>2.</span> <span class='ocrx_word' id='word_1_26' title='bbox 961 726 989 785; x_wconf 91' lang='grc'>3.</span> <span class='ocrx_word' id='word_1_27' title='bbox 1031 725 1061 785; x_wconf 75' lang='grc'>2.</span> <span class='ocrx_word' id='word_1_28' title='bbox 1110 726 1139 786; x_wconf 67' lang='lat'>2.</span> 
     </span>
    </p>
   </div>
   <div class='ocr_carea' id='block_1_4' title="bbox 328 812 1131 1161">
    <p class='ocr_par' dir='ltr' id='par_1_4' title="bbox 328 812 1131 1161">
     <span class='ocr_line' id='line_1_5' title="bbox 328 812 1131 1161; baseline 0.002 -64"><span class='ocrx_word' id='word_1_29' title='bbox 328 812 1131 1161; x_wconf 40' lang='lat' dir='ltr'>&amp;A</span> 
     </span>
    </p>
   </div>
   <div class='ocr_carea' id='block_1_5' title="bbox 191 1252 1275 1751">
    <p class='ocr_par' dir='ltr' id='par_1_5' title="bbox 191 1252 1275 1751">
     <span class='ocr_line' id='line_1_6' title="bbox 273 1252 1275 1340; baseline 0.002 -20"><span class='ocrx_word' id='word_1_30' title='bbox 273 1252 388 1336; x_wconf 65' lang='grc'><strong>5575.</strong></span> <span class='ocrx_word' id='word_1_31' title='bbox 427 1259 596 1320; x_wconf 87' lang='lat' dir='ltr'>Tertium</span> <span class='ocrx_word' id='word_1_32' title='bbox 620 1278 737 1338; x_wconf 78' lang='lat' dir='ltr'>genus</span> <span class='ocrx_word' id='word_1_33' title='bbox 760 1260 1000 1340; x_wconf 80' lang='lat' dir='ltr'><strong>stropharum</strong></span> <span class='ocrx_word' id='word_1_34' title='bbox 1024 1261 1083 1321; x_wconf 90' lang='lat' dir='ltr'>iam</span> <span class='ocrx_word' id='word_1_35' title='bbox 1107 1271 1138 1322; x_wconf 90' lang='lat' dir='ltr'>et</span> <span class='ocrx_word' id='word_1_36' title='bbox 1159 1281 1275 1324; x_wconf 88' lang='lat' dir='ltr'>nume-</span> 
     </span>
     <span class='ocr_line' id='line_1_7' title="bbox 198 1361 1273 1444; baseline 0.006 -26"><span class='ocrx_word' id='word_1_37' title='bbox 198 1367 290 1420; x_wconf 76' lang='lat' dir='ltr'>t&#39;orum</span> <span class='ocrx_word' id='word_1_38' title='bbox 322 1361 498 1421; x_wconf 88' lang='lat' dir='ltr'>varietatem</span> <span class='ocrx_word' id='word_1_39' title='bbox 527 1363 672 1423; x_wconf 89' lang='lat' dir='ltr'>maiorem</span> <span class='ocrx_word' id='word_1_40' title='bbox 704 1372 735 1424; x_wconf 86' lang='lat' dir='ltr'>ot</span> <span class='ocrx_word' id='word_1_41' title='bbox 761 1363 997 1424; x_wconf 82' lang='lat' dir='ltr'>artificiosiorem</span> <span class='ocrx_word' id='word_1_42' title='bbox 1026 1365 1273 1444; x_wconf 78' lang='lat' dir='ltr'>compositionem</span> 
     </span>
     <span class='ocr_line' id='line_1_8' title="bbox 198 1455 1274 1544; baseline 0.009 -26"><span class='ocrx_word' id='word_1_43' title='bbox 198 1455 311 1540; x_wconf 88' lang='lat' dir='ltr'>hahuit,</span> <span class='ocrx_word' id='word_1_44' title='bbox 338 1463 497 1543; x_wconf 82' lang='lat' dir='ltr'>pluribus,</span> <span class='ocrx_word' id='word_1_45' title='bbox 517 1483 610 1543; x_wconf 89' lang='lat' dir='ltr'>quam</span> <span class='ocrx_word' id='word_1_46' title='bbox 627 1474 697 1525; x_wconf 90' lang='lat' dir='ltr'>ante</span> <span class='ocrx_word' id='word_1_47' title='bbox 714 1466 836 1528; x_wconf 86' lang='lat' dir='ltr'>solitum</span> <span class='ocrx_word' id='word_1_48' title='bbox 853 1475 932 1544; x_wconf 89' lang='lat' dir='ltr'>orat,</span> <span class='ocrx_word' id='word_1_49' title='bbox 954 1466 1096 1527; x_wconf 79' lang='lat' dir='ltr'>versibus</span> <span class='ocrx_word' id='word_1_50' title='bbox 1114 1486 1172 1527; x_wconf 90' lang='lat' dir='ltr'>una</span> <span class='ocrx_word' id='word_1_51' title='bbox 1190 1477 1274 1528; x_wconf 89' lang='lat' dir='ltr'>stro-</span> 
     </span>
     <span class='ocr_line' id='line_1_9' title="bbox 194 1565 1270 1649; baseline 0.007 -25"><span class='ocrx_word' id='word_1_52' title='bbox 194 1565 245 1642; x_wconf 82' lang='lat' dir='ltr'>pha</span> <span class='ocrx_word' id='word_1_53' title='bbox 263 1567 450 1627; x_wconf 89' lang='lat' dir='ltr'>coniunctis:</span> <span class='ocrx_word' id='word_1_54' title='bbox 478 1566 560 1646; x_wconf 85' lang='lat' dir='ltr'>quod</span> <span class='ocrx_word' id='word_1_55' title='bbox 577 1586 675 1646; x_wconf 83' lang='lat' dir='ltr'>genus</span> <span class='ocrx_word' id='word_1_56' title='bbox 690 1568 891 1629; x_wconf 81' lang='lat' dir='ltr'>excoluerunt</span> <span class='ocrx_word' id='word_1_57' title='bbox 905 1566 1044 1648; x_wconf 79' lang='lat' dir='ltr'>Alcman,</span> <span class='ocrx_word' id='word_1_58' title='bbox 1069 1571 1270 1649; x_wconf 77' lang='lat' dir='ltr'>Stesichorus,</span> 
     </span>
     <span class='ocr_line' id='line_1_10' title="bbox 191 1666 631 1751; baseline 0.007 -23"><span class='ocrx_word' id='word_1_59' title='bbox 191 1666 303 1748; x_wconf 87' lang='lat' dir='ltr'>dequo</span> <span class='ocrx_word' id='word_1_60' title='bbox 320 1688 349 1730; x_wconf 92' lang='lat' dir='ltr'>v.</span> <span class='ocrx_word' id='word_1_61' title='bbox 369 1668 386 1751; x_wconf 83' lang='lat'>§</span> <span class='ocrx_word' id='word_1_62' title='bbox 404 1672 489 1749; x_wconf 72' lang='lat'>576,</span> <span class='ocrx_word' id='word_1_63' title='bbox 510 1669 631 1749; x_wconf 71' lang='lat' dir='ltr'>ibycus.</span> 
     </span>
    </p>
   </div>
   <div class='ocr_carea' id='block_1_6' title="bbox 181 1856 1276 3383">
    <p class='ocr_par' dir='ltr' id='par_1_6' title="bbox 181 1856 1276 3383">
     <span class='ocr_line' id='line_1_11' title="bbox 274 1856 1275 1940; baseline 0.003 -19"><span class='ocrx_word' id='word_1_64' title='bbox 274 1856 397 1938; x_wconf 64' lang='lat'>5576.</span> <span class='ocrx_word' id='word_1_65' title='bbox 444 1862 639 1932; x_wconf 85' lang='lat' dir='ltr'>Quartum</span> <span class='ocrx_word' id='word_1_66' title='bbox 671 1860 805 1940; x_wconf 92' lang='lat' dir='ltr'>denique</span> <span class='ocrx_word' id='word_1_67' title='bbox 832 1879 958 1940; x_wconf 80' lang='lat' dir='ltr'>genus</span> <span class='ocrx_word' id='word_1_68' title='bbox 984 1880 1036 1921; x_wconf 89' lang='lat' dir='ltr'>cas</span> <span class='ocrx_word' id='word_1_69' title='bbox 1063 1861 1275 1940; x_wconf 88' lang='lat' dir='ltr'>complectitur</span> 
     </span>
     <span class='ocr_line' id='line_1_12' title="bbox 184 1961 1276 2044; baseline 0.005 -23"><span class='ocrx_word' id='word_1_70' title='bbox 184 1961 345 2040; x_wconf 79' lang='lat' dir='ltr'>strophaS,</span> <span class='ocrx_word' id='word_1_71' title='bbox 374 1962 405 2021; x_wconf 93' lang='lat' dir='ltr'>in</span> <span class='ocrx_word' id='word_1_72' title='bbox 433 1961 562 2042; x_wconf 76' lang='lat' dir='ltr'>quibuS,</span> <span class='ocrx_word' id='word_1_73' title='bbox 594 1963 677 2044; x_wconf 93' lang='lat' dir='ltr'>quod</span> <span class='ocrx_word' id='word_1_74' title='bbox 700 1983 716 2025; x_wconf 95' lang='lat' dir='ltr'>a</span> <span class='ocrx_word' id='word_1_75' title='bbox 741 1963 839 2024; x_wconf 89' lang='lat' dir='ltr'>choris</span> <span class='ocrx_word' id='word_1_76' title='bbox 861 1964 1067 2043; x_wconf 70' lang='lat' dir='ltr'>canebantur,</span> <span class='ocrx_word' id='word_1_77' title='bbox 1100 1985 1220 2027; x_wconf 92' lang='lat' dir='ltr'>summa</span> <span class='ocrx_word' id='word_1_78' title='bbox 1245 1977 1276 2026; x_wconf 93' lang='lat' dir='ltr'>et</span> 
     </span>
     <span class='ocr_line' id='line_1_13' title="bbox 183 2064 1269 2130; baseline 0.005 -5"><span class='ocrx_word' id='word_1_79' title='bbox 183 2074 355 2126; x_wconf 78' lang='lat' dir='ltr'>metrorum</span> <span class='ocrx_word' id='word_1_80' title='bbox 371 2074 402 2124; x_wconf 88' lang='lat' dir='ltr'>et</span> <span class='ocrx_word' id='word_1_81' title='bbox 417 2064 579 2127; x_wconf 87' lang='lat' dir='ltr'>modorum</span> <span class='ocrx_word' id='word_1_82' title='bbox 596 2067 781 2127; x_wconf 89' lang='lat' dir='ltr'>musicorum</span> <span class='ocrx_word' id='word_1_83' title='bbox 798 2086 849 2128; x_wconf 92' lang='lat' dir='ltr'>ars</span> <span class='ocrx_word' id='word_1_84' title='bbox 864 2078 894 2127; x_wconf 90' lang='lat' dir='ltr'>et</span> <span class='ocrx_word' id='word_1_85' title='bbox 907 2070 1038 2129; x_wconf 87' lang='lat' dir='ltr'>varietas</span> <span class='ocrx_word' id='word_1_86' title='bbox 1053 2068 1269 2130; x_wconf 90' lang='lat' dir='ltr'>adhibebatur.</span> 
     </span>
     <span class='ocr_line' id='line_1_14' title="bbox 181 2167 1274 2253; baseline 0.004 -23"><span class='ocrx_word' id='word_1_87' title='bbox 181 2168 299 2242; x_wconf 90' lang='lat' dir='ltr'>Quales</span> <span class='ocrx_word' id='word_1_88' title='bbox 322 2177 396 2228; x_wconf 91' lang='lat' dir='ltr'>sunt</span> <span class='ocrx_word' id='word_1_89' title='bbox 417 2167 554 2246; x_wconf 91' lang='lat' dir='ltr'>Pindari,</span> <span class='ocrx_word' id='word_1_90' title='bbox 585 2169 768 2247; x_wconf 84' lang='lat' dir='ltr'>Simonidis,</span> <span class='ocrx_word' id='word_1_91' title='bbox 796 2170 1000 2252; x_wconf 87' lang='lat' dir='ltr'>Bacchylidis,</span> <span class='ocrx_word' id='word_1_92' title='bbox 1027 2173 1274 2253; x_wconf 82' lang='lat' dir='ltr'>tragicorumquc</span> 
     </span>
     <span class='ocr_line' id='line_1_15' title="bbox 182 2270 1275 2355; baseline 0.003 -22"><span class='ocrx_word' id='word_1_93' title='bbox 182 2272 341 2351; x_wconf 81' lang='lat' dir='ltr'>strophae.</span> <span class='ocrx_word' id='word_1_94' title='bbox 375 2270 413 2330; x_wconf 92' lang='lat' dir='ltr'>Et</span> <span class='ocrx_word' id='word_1_95' title='bbox 429 2270 512 2350; x_wconf 80' lang='lat' dir='ltr'>lyrici</span> <span class='ocrx_word' id='word_1_96' title='bbox 529 2271 654 2350; x_wconf 91' lang='lat' dir='ltr'>quidem</span> <span class='ocrx_word' id='word_1_97' title='bbox 671 2274 728 2333; x_wconf 88' lang='lat' dir='ltr'>otsi</span> <span class='ocrx_word' id='word_1_98' title='bbox 744 2273 834 2334; x_wconf 91' lang='lat' dir='ltr'>etiam</span> <span class='ocrx_word' id='word_1_99' title='bbox 852 2274 1110 2355; x_wconf 92' lang='lat' dir='ltr'>monostroph</span> <span class='ocrx_word' id='word_1_100' title='bbox 1121 2276 1179 2335; x_wconf 92' lang='lat' dir='ltr'>ica</span> <span class='ocrx_word' id='word_1_101' title='bbox 1203 2295 1275 2336; x_wconf 89' lang='lat' dir='ltr'>car-</span> 
     </span>
     <span class='ocr_line' id='line_1_16' title="bbox 182 2372 1273 2458; baseline 0.005 -24"><span class='ocrx_word' id='word_1_102' title='bbox 182 2377 268 2435; x_wconf 88' lang='lat' dir='ltr'>mina</span> <span class='ocrx_word' id='word_1_103' title='bbox 286 2372 454 2451; x_wconf 78' lang='lat' dir='ltr'>faciehant,</span> <span class='ocrx_word' id='word_1_104' title='bbox 480 2375 500 2434; x_wconf 85' lang='lat' dir='ltr'>i.</span> <span class='ocrx_word' id='word_1_105' title='bbox 520 2394 546 2435; x_wconf 92' lang='lat' dir='ltr'>e.</span> <span class='ocrx_word' id='word_1_106' title='bbox 567 2375 729 2454; x_wconf 89' lang='lat' dir='ltr'>inquibus</span> <span class='ocrx_word' id='word_1_107' title='bbox 745 2375 853 2438; x_wconf 86' lang='lat' dir='ltr'>cadem</span> <span class='ocrx_word' id='word_1_108' title='bbox 869 2378 1131 2458; x_wconf 84' lang='lat' dir='ltr'>semperstropha</span> <span class='ocrx_word' id='word_1_109' title='bbox 1149 2387 1273 2458; x_wconf 85' lang='lat' dir='ltr'>repeto-</span> 
     </span>
     <span class='ocr_line' id='line_1_17' title="bbox 184 2472 1274 2560; baseline 0.003 -21"><span class='ocrx_word' id='word_1_110' title='bbox 184 2487 287 2555; x_wconf 90' lang='lat' dir='ltr'>retur,</span> <span class='ocrx_word' id='word_1_111' title='bbox 315 2486 417 2538; x_wconf 90' lang='lat' dir='ltr'>tamen</span> <span class='ocrx_word' id='word_1_112' title='bbox 438 2477 621 2557; x_wconf 83' lang='lat' dir='ltr'>plerumque</span> <span class='ocrx_word' id='word_1_113' title='bbox 642 2478 802 2559; x_wconf 89' lang='lat' dir='ltr'>cpodis,</span> <span class='ocrx_word' id='word_1_114' title='bbox 830 2499 910 2560; x_wconf 91' lang='lat' dir='ltr'>quac</span> <span class='ocrx_word' id='word_1_115' title='bbox 932 2472 1078 2542; x_wconf 79' lang='lat' dir='ltr'>feminino</span> <span class='ocrx_word' id='word_1_116' title='bbox 1094 2501 1205 2560; x_wconf 83' lang='lat' dir='ltr'>genere</span> <span class='ocrx_word' id='word_1_117' title='bbox 1221 2482 1274 2544; x_wconf 91' lang='lat' dir='ltr'>di-</span> 
     </span>
     <span class='ocr_line' id='line_1_18' title="bbox 183 2579 1274 2664; baseline 0.005 -23"><span class='ocrx_word' id='word_1_118' title='bbox 183 2590 317 2658; x_wconf 90' lang='lat' dir='ltr'>cuntur,</span> <span class='ocrx_word' id='word_1_119' title='bbox 344 2579 392 2641; x_wconf 93' lang='lat' dir='ltr'>usi</span> <span class='ocrx_word' id='word_1_120' title='bbox 416 2590 507 2659; x_wconf 89' lang='lat' dir='ltr'>sunt,</span> <span class='ocrx_word' id='word_1_121' title='bbox 535 2580 613 2642; x_wconf 88' lang='lat' dir='ltr'>duas</span> <span class='ocrx_word' id='word_1_122' title='bbox 633 2583 774 2663; x_wconf 91' lang='lat' dir='ltr'>strophas</span> <span class='ocrx_word' id='word_1_123' title='bbox 790 2582 899 2643; x_wconf 90' lang='lat' dir='ltr'>iisdem</span> <span class='ocrx_word' id='word_1_124' title='bbox 915 2585 1037 2664; x_wconf 92' lang='lat' dir='ltr'>metris,</span> <span class='ocrx_word' id='word_1_125' title='bbox 1064 2588 1183 2646; x_wconf 92' lang='lat' dir='ltr'>tertiam</span> <span class='ocrx_word' id='word_1_126' title='bbox 1208 2586 1274 2647; x_wconf 86' lang='lat' dir='ltr'>aliis</span> 
     </span>
     <span class='ocr_line' id='line_1_19' title="bbox 183 2683 1274 2767; baseline 0.005 -24"><span class='ocrx_word' id='word_1_127' title='bbox 183 2683 349 2758; x_wconf 85' lang='lat' dir='ltr'>iacientes,</span> <span class='ocrx_word' id='word_1_128' title='bbox 375 2702 489 2762; x_wconf 86' lang='lat' dir='ltr'>easque</span> <span class='ocrx_word' id='word_1_129' title='bbox 510 2684 738 2746; x_wconf 81' lang='lat' dir='ltr'>vicissitudines</span> <span class='ocrx_word' id='word_1_130' title='bbox 758 2685 868 2746; x_wconf 87' lang='lat' dir='ltr'>iisdem</span> <span class='ocrx_word' id='word_1_131' title='bbox 890 2687 995 2748; x_wconf 84' lang='lat' dir='ltr'>metris</span> <span class='ocrx_word' id='word_1_132' title='bbox 1010 2706 1066 2767; x_wconf 90' lang='lat' dir='ltr'>per</span> <span class='ocrx_word' id='word_1_133' title='bbox 1086 2696 1184 2750; x_wconf 89' lang='lat' dir='ltr'>totum</span> <span class='ocrx_word' id='word_1_134' title='bbox 1201 2706 1274 2749; x_wconf 90' lang='lat' dir='ltr'>oar-</span> 
     </span>
     <span class='ocr_line' id='line_1_20' title="bbox 183 2785 1274 2866; baseline 0.003 -19"><span class='ocrx_word' id='word_1_135' title='bbox 183 2806 259 2847; x_wconf 89' lang='lat' dir='ltr'>men</span> <span class='ocrx_word' id='word_1_136' title='bbox 288 2795 464 2866; x_wconf 90' lang='lat' dir='ltr'>servantes,</span> <span class='ocrx_word' id='word_1_137' title='bbox 498 2787 554 2848; x_wconf 95' lang='lat' dir='ltr'>hoc</span> <span class='ocrx_word' id='word_1_138' title='bbox 584 2787 683 2849; x_wconf 89' lang='lat' dir='ltr'>modo.</span> <span class='ocrx_word' id='word_1_139' title='bbox 723 2786 773 2851; x_wconf 87' lang='lat' dir='ltr'>A.</span> <span class='ocrx_word' id='word_1_140' title='bbox 788 2785 837 2850; x_wconf 88' lang='lat' dir='ltr'>A.</span> <span class='ocrx_word' id='word_1_141' title='bbox 853 2788 892 2848; x_wconf 89' lang='grc' dir='ltr'>Β.</span> <span class='ocrx_word' id='word_1_142' title='bbox 911 2785 960 2850; x_wconf 87' lang='lat' dir='ltr'>A.</span> <span class='ocrx_word' id='word_1_143' title='bbox 975 2786 1024 2851; x_wconf 92' lang='lat' dir='ltr'>A.</span> <span class='ocrx_word' id='word_1_144' title='bbox 1040 2790 1080 2851; x_wconf 92' lang='grc' dir='ltr'>Β.</span> <span class='ocrx_word' id='word_1_145' title='bbox 1117 2789 1274 2851; x_wconf 82' lang='lat' dir='ltr'>iuvenisse</span> 
     </span>
     <span class='ocr_line' id='line_1_21' title="bbox 183 2883 1273 2976; baseline 0.003 -26"><span class='ocrx_word' id='word_1_146' title='bbox 183 2891 267 2950; x_wconf 90' lang='lat' dir='ltr'>hanc</span> <span class='ocrx_word' id='word_1_147' title='bbox 281 2891 429 2952; x_wconf 88' lang='lat' dir='ltr'>rationem</span> <span class='ocrx_word' id='word_1_148' title='bbox 445 2889 557 2952; x_wconf 88' lang='lat' dir='ltr'>dicitur</span> <span class='ocrx_word' id='word_1_149' title='bbox 573 2890 780 2953; x_wconf 85' lang='lat' dir='ltr'>Stesichorus:</span> <span class='ocrx_word' id='word_1_150' title='bbox 806 2889 889 2951; x_wconf 88' lang='lat' dir='ltr'>unde</span> <span class='ocrx_word' id='word_1_151' title='bbox 911 2883 953 2952; x_wconf 81' lang='grc' dir='ltr'>τὰ</span> <span class='ocrx_word' id='word_1_152' title='bbox 973 2884 1050 2973; x_wconf 81' lang='grc' dir='ltr'><strong><em>τρία</em></strong></span> <span class='ocrx_word' id='word_1_153' title='bbox 1070 2885 1273 2976; x_wconf 78' lang='grc' dir='ltr'><strong><em>Στησιχόρου</em></strong></span> 
     </span>
     <span class='ocr_line' id='line_1_22' title="bbox 184 2986 1276 3080; baseline 0.002 -26"><span class='ocrx_word' id='word_1_154' title='bbox 184 2995 217 3054; x_wconf 93' lang='lat' dir='ltr'>in</span> <span class='ocrx_word' id='word_1_155' title='bbox 234 2993 432 3072; x_wconf 89' lang='lat' dir='ltr'>proverbium</span> <span class='ocrx_word' id='word_1_156' title='bbox 449 3012 571 3054; x_wconf 89' lang='lat' dir='ltr'>venere.</span> <span class='ocrx_word' id='word_1_157' title='bbox 607 2992 651 3055; x_wconf 84' lang='lat' dir='ltr'>Ac</span> <span class='ocrx_word' id='word_1_158' title='bbox 666 2993 792 3055; x_wconf 91' lang='lat' dir='ltr'>Suidas:</span> <span class='ocrx_word' id='word_1_159' title='bbox 816 2986 966 3078; x_wconf 76' lang='grc' dir='ltr'><em>ἐπῳδικῆ</em></span> <span class='ocrx_word' id='word_1_160' title='bbox 990 2988 1051 3077; x_wconf 72' lang='grc' dir='ltr'>γὰρ</span> <span class='ocrx_word' id='word_1_161' title='bbox 1067 2995 1162 3056; x_wconf 81' lang='grc' dir='ltr'><strong><em>πᾶσα</em></strong></span> <span class='ocrx_word' id='word_1_162' title='bbox 1178 2987 1198 3080; x_wconf 76' lang='grc' dir='ltr'><em>ἡ</em></span> <span class='ocrx_word' id='word_1_163' title='bbox 1214 2997 1276 3058; x_wconf 82' lang='grc' dir='ltr'>τοῦ</span> 
     </span>
     <span class='ocr_line' id='line_1_23' title="bbox 183 3087 1274 3181; baseline 0.002 -25"><span class='ocrx_word' id='word_1_164' title='bbox 183 3089 393 3180; x_wconf 80' lang='grc' dir='ltr'><strong><em>Στησιχόρου</em></strong></span> <span class='ocrx_word' id='word_1_165' title='bbox 414 3087 558 3181; x_wconf 80' lang='grc' dir='ltr'>ποίησις.</span> <span class='ocrx_word' id='word_1_166' title='bbox 590 3097 707 3177; x_wconf 80' lang='lat' dir='ltr'>Tragici</span> <span class='ocrx_word' id='word_1_167' title='bbox 723 3095 866 3175; x_wconf 89' lang='lat' dir='ltr'>epodis</span> <span class='ocrx_word' id='word_1_168' title='bbox 885 3097 984 3157; x_wconf 89' lang='lat' dir='ltr'>rarius</span> <span class='ocrx_word' id='word_1_169' title='bbox 1000 3097 1048 3158; x_wconf 92' lang='lat' dir='ltr'>usi</span> <span class='ocrx_word' id='word_1_170' title='bbox 1064 3106 1146 3177; x_wconf 92' lang='lat' dir='ltr'>sunt,</span> <span class='ocrx_word' id='word_1_171' title='bbox 1166 3107 1197 3159; x_wconf 92' lang='lat' dir='ltr'>et</span> <span class='ocrx_word' id='word_1_172' title='bbox 1212 3099 1274 3158; x_wconf 89' lang='lat' dir='ltr'>iere</span> 
     </span>
     <span class='ocr_line' id='line_1_24' title="bbox 185 3182 1274 3280; baseline 0.001 -20"><span class='ocrx_word' id='word_1_173' title='bbox 185 3209 307 3260; x_wconf 88' lang='lat' dir='ltr'>tantum</span> <span class='ocrx_word' id='word_1_174' title='bbox 325 3199 355 3259; x_wconf 93' lang='lat' dir='ltr'>in</span> <span class='ocrx_word' id='word_1_175' title='bbox 373 3201 432 3260; x_wconf 84' lang='lat' dir='ltr'>tino</span> <span class='ocrx_word' id='word_1_176' title='bbox 448 3201 592 3260; x_wconf 91' lang='lat' dir='ltr'>carminis</span> <span class='ocrx_word' id='word_1_177' title='bbox 608 3182 685 3262; x_wconf 79' lang='lat' dir='ltr'>una:</span> <span class='ocrx_word' id='word_1_178' title='bbox 712 3199 866 3278; x_wconf 89' lang='lat' dir='ltr'>iidemque</span> <span class='ocrx_word' id='word_1_179' title='bbox 887 3218 947 3259; x_wconf 92' lang='lat' dir='ltr'>non</span> <span class='ocrx_word' id='word_1_180' title='bbox 964 3201 1023 3260; x_wconf 88' lang='lat' dir='ltr'>nisi</span> <span class='ocrx_word' id='word_1_181' title='bbox 1037 3199 1116 3260; x_wconf 89' lang='lat' dir='ltr'>duas</span> <span class='ocrx_word' id='word_1_182' title='bbox 1133 3202 1274 3280; x_wconf 89' lang='lat' dir='ltr'>strophas</span> 
     </span>
     <span class='ocr_line' id='line_1_25' title="bbox 184 3300 1273 3383; baseline 0.001 -20"><span class='ocrx_word' id='word_1_183' title='bbox 184 3300 296 3363; x_wconf 89' lang='lat' dir='ltr'>iisdem</span> <span class='ocrx_word' id='word_1_184' title='bbox 313 3304 419 3363; x_wconf 89' lang='lat' dir='ltr'>metris</span> <span class='ocrx_word' id='word_1_185' title='bbox 435 3303 534 3363; x_wconf 87' lang='lat' dir='ltr'>iacere</span> <span class='ocrx_word' id='word_1_186' title='bbox 550 3303 659 3383; x_wconf 90' lang='lat' dir='ltr'>solent,</span> <span class='ocrx_word' id='word_1_187' title='bbox 681 3303 814 3382; x_wconf 83' lang='lat' dir='ltr'>exempli</span> <span class='ocrx_word' id='word_1_188' title='bbox 830 3320 938 3364; x_wconf 91' lang='lat' dir='ltr'>caussa</span> <span class='ocrx_word' id='word_1_189' title='bbox 955 3303 1012 3364; x_wconf 92' lang='lat' dir='ltr'>hoo</span> <span class='ocrx_word' id='word_1_190' title='bbox 1029 3302 1135 3364; x_wconf 94' lang='lat' dir='ltr'>modo:</span> <span class='ocrx_word' id='word_1_191' title='bbox 1160 3301 1209 3366; x_wconf 97' lang='lat' dir='ltr'>A.</span> <span class='ocrx_word' id='word_1_192' title='bbox 1224 3302 1273 3365; x_wconf 93' lang='lat' dir='ltr'>A.</span> 
     </span>
    </p>
   </div>
   <div class='ocr_carea' id='block_1_7' title="bbox 182 3405 556 3469">
    <p class='ocr_par' dir='ltr' id='par_1_7' title="bbox 182 3405 556 3469">
     <span class='ocr_line' id='line_1_26' title="bbox 182 3405 556 3469; baseline 0.003 -2"><span class='ocrx_word' id='word_1_193' title='bbox 182 3405 556 3469; x_wconf 81' lang='grc' dir='ltr'><strong>Β.Β.Γ.Γ.Δ.Λ.Ε.</strong></span> 
     </span>
    </p>
   </div>
   <div class='ocr_carea' id='block_1_8' title="bbox 578 3597 884 3606">
    <p class='ocr_par' dir='ltr' id='par_1_8' title="bbox 578 3597 884 3606">
     <span class='ocr_line' id='line_1_27' title="bbox 578 3597 884 3606; baseline 0.007 -2"><span class='ocrx_word' id='word_1_194' title='bbox 578 3597 884 3606; x_wconf 81' lang='lat'><em>————.-——.</em></span> 
     </span>
    </p>
   </div>
   <div class='ocr_carea' id='block_1_9' title="bbox 202 3741 1199 3968">
    <p class='ocr_par' dir='ltr' id='par_1_9' title="bbox 202 3741 1199 3968">
     <span class='ocr_line' id='line_1_28' title="bbox 606 3741 845 3811; baseline -0.013 0"><span class='ocrx_word' id='word_1_195' title='bbox 606 3741 845 3811; x_wconf 66' lang='lat' dir='ltr'>cutm.</span> 
     </span>
     <span class='ocr_line' id='line_1_29' title="bbox 202 3872 1199 3968; baseline 0 -26"><span class='ocrx_word' id='word_1_196' title='bbox 202 3916 219 3961; x_wconf 56' lang='lat'>0</span> <span class='ocrx_word' id='word_1_197' title='bbox 258 3874 316 3943; x_wconf 88' lang='lat' dir='ltr'>De</span> <span class='ocrx_word' id='word_1_198' title='bbox 344 3874 543 3968; x_wconf 90' lang='lat' dir='ltr'>strophis</span> <span class='ocrx_word' id='word_1_199' title='bbox 571 3875 699 3968; x_wconf 84' lang='lat' dir='ltr'>primi</span> <span class='ocrx_word' id='word_1_200' title='bbox 726 3883 768 3943; x_wconf 86' lang='lat' dir='ltr'>et</span> <span class='ocrx_word' id='word_1_201' title='bbox 794 3872 979 3964; x_wconf 85' lang='lat' dir='ltr'>secundi</span> <span class='ocrx_word' id='word_1_202' title='bbox 1008 3874 1199 3963; x_wconf 82' lang='lat' dir='ltr'>generis.</span> 
     </span>
    </p>
   </div>
   <div class='ocr_carea' id='block_1_10' title="bbox 180 4023 1369 4298">
    <p class='ocr_par' dir='ltr' id='par_1_10' title="bbox 180 4023 1369 4298">
     <span class='ocr_line' id='line_1_30' title="bbox 274 4023 1369 4107; baseline -0.006 -14"><span class='ocrx_word' id='word_1_203' title='bbox 274 4023 389 4106; x_wconf 66' lang='lat'>5577.</span> <span class='ocrx_word' id='word_1_204' title='bbox 417 4025 630 4106; x_wconf 85' lang='lat' dir='ltr'>Antiquissimi</span> <span class='ocrx_word' id='word_1_205' title='bbox 647 4027 810 4107; x_wconf 80' lang='lat' dir='ltr'>lyricorum</span> <span class='ocrx_word' id='word_1_206' title='bbox 828 4035 998 4105; x_wconf 84' lang='lat' dir='ltr'>poctarum,</span> <span class='ocrx_word' id='word_1_207' title='bbox 1015 4026 1073 4085; x_wconf 92' lang='lat' dir='ltr'>nisi</span> <span class='ocrx_word' id='word_1_208' title='bbox 1089 4026 1165 4087; x_wconf 87' lang='lat' dir='ltr'>forte</span> <span class='ocrx_word' id='word_1_209' title='bbox 1181 4027 1272 4087; x_wconf 90' lang='lat' dir='ltr'>etiam</span> <span class='ocrx_word' id='word_1_210' title='bbox 1365 4072 1369 4079; x_wconf 91' lang='lat'><em>.</em></span> 
     </span>
     <span class='ocr_line' id='line_1_31' title="bbox 180 4122 1273 4210; baseline -0.006 -16"><span class='ocrx_word' id='word_1_211' title='bbox 180 4124 273 4194; x_wconf 81' lang='grc' dir='ltr'><strong><em>κατὰ</em></strong></span> <span class='ocrx_word' id='word_1_212' title='bbox 295 4122 407 4210; x_wconf 79' lang='grc' dir='ltr'><strong><em>στίχον</em></strong></span> <span class='ocrx_word' id='word_1_213' title='bbox 427 4133 560 4191; x_wconf 91' lang='lat' dir='ltr'>carmina</span> <span class='ocrx_word' id='word_1_214' title='bbox 578 4129 796 4207; x_wconf 85' lang='lat' dir='ltr'>condiderunt,</span> <span class='ocrx_word' id='word_1_215' title='bbox 822 4129 961 4206; x_wconf 83' lang='lat' dir='ltr'>strophas</span> <span class='ocrx_word' id='word_1_216' title='bbox 978 4128 1129 4190; x_wconf 86' lang='lat' dir='ltr'>iaciebant</span> <span class='ocrx_word' id='word_1_217' title='bbox 1144 4149 1182 4190; x_wconf 84' lang='lat' dir='ltr'>ex</span> <span class='ocrx_word' id='word_1_218' title='bbox 1197 4147 1273 4188; x_wconf 90' lang='lat' dir='ltr'>ver-</span> 
     </span>
     <span class='ocr_line' id='line_1_32' title="bbox 181 4231 985 4298; baseline -0.007 0"><span class='ocrx_word' id='word_1_219' title='bbox 181 4234 274 4298; x_wconf 90' lang='lat' dir='ltr'>sibus</span> <span class='ocrx_word' id='word_1_220' title='bbox 290 4242 344 4295; x_wconf 89' lang='lat' dir='ltr'>aut</span> <span class='ocrx_word' id='word_1_221' title='bbox 359 4234 438 4295; x_wconf 85' lang='lat' dir='ltr'>idem</span> <span class='ocrx_word' id='word_1_222' title='bbox 456 4242 509 4293; x_wconf 94' lang='lat' dir='ltr'>aut</span> <span class='ocrx_word' id='word_1_223' title='bbox 524 4234 623 4294; x_wconf 85' lang='lat' dir='ltr'>simile</span> <span class='ocrx_word' id='word_1_224' title='bbox 640 4241 770 4294; x_wconf 90' lang='lat' dir='ltr'>metrum</span> <span class='ocrx_word' id='word_1_225' title='bbox 787 4231 985 4292; x_wconf 83' lang='lat' dir='ltr'>habentibus.</span> 
     </span>
    </p>
   </div>
   <div class='ocr_carea' id='block_1_11' title="bbox 181 4349 1064 4402">
    <p class='ocr_par' dir='ltr' id='par_1_11' title="bbox 181 4349 1064 4402">
     <span class='ocr_line' id='line_1_33' title="bbox 181 4349 1064 4402; baseline -0.005 -10"><span class='ocrx_word' id='word_1_226' title='bbox 181 4350 186 4363; x_wconf 84' lang='lat'><strong><em>¹</em></strong></span> <span class='ocrx_word' id='word_1_227' title='bbox 239 4351 358 4392; x_wconf 74' lang='lat' dir='ltr'>normanni</span> <span class='ocrx_word' id='word_1_228' title='bbox 368 4351 467 4402; x_wconf 77' lang='lat' dir='ltr'>Epitomo</span> <span class='ocrx_word' id='word_1_229' title='bbox 477 4350 547 4391; x_wconf 83' lang='lat' dir='ltr'>doctr.</span> <span class='ocrx_word' id='word_1_230' title='bbox 558 4352 668 4391; x_wconf 71' lang='lat' dir='ltr'>metricos.</span> <span class='ocrx_word' id='word_1_231' title='bbox 1032 4349 1064 4398; x_wconf 79' lang='grc'>14</span> 
     </span>
    </p>
   </div>
   <div class='ocr_carea' id='block_1_12' title="bbox 0 0 1406 4912">
    <p class='ocr_par' dir='ltr' id='par_1_12' title="bbox 0 0 1406 4912">
     <span class='ocr_line' id='line_1_34' title="bbox 0 0 1406 4912; baseline 0 0"><span class='ocrx_word' id='word_1_232' title='bbox 0 0 1406 4912; x_wconf 95' lang='lat' dir='ltr'> </span> 
     </span>
    </p>
   </div>
  </div>
 </body>
</html>
