2804 4912
159 279 221 341 232
554 297 610 338 tin.
630 297 674 338 ru.
702 296 763 337 cir.
782 295 864 337 xrur.

161 453 251 526 Quod
263 454 350 531 peius
367 452 458 513 etiam
471 451 514 528 fit,
535 469 607 510 voce
619 449 757 511 enclitica
771 451 803 510 iu
814 451 963 530 principio
975 449 1102 512 secundi
1112 448 1214 510 membri
1276 422 1278 453 Ι

158 557 256 638 posita
267 577 272 614 :

245 683 449 771 ἀτόλματον·
473 681 638 769 ἄλλό-μοι
660 686 761 770 δεῖμα
783 683 844 768 μὲν
867 682 1120 773 παροιχόμενον.

246 947 361 1030 ξ627.
387 953 455 1024 Quo
472 952 568 1030 magis
583 960 687 1011 autem
703 949 842 1010 membra
858 949 928 1009 talia
945 959 1034 1029 suut,
1060 958 1097 1012 ut
1109 949 1219 1030 siugrlos

160 1074 269 1117 versus
281 1057 465 1116 constituere
477 1053 651 1131 videantur,
671 1054 691 1113 i.
707 1073 734 1113 e.
751 1072 812 1132 quo
828 1052 948 1114 laoilius
959 1072 1057 1134 pausa
1073 1054 1167 1132 aliqua
1179 1051 1219 1114 di-

160 1160 272 1238 stingui
287 1159 459 1238 postulant,
486 1165 570 1219 tanto
586 1157 680 1236 magis
697 1156 767 1217 illae
784 1163 905 1217 tantum
921 1155 1089 1219 divisiones
1104 1156 1221 1218 vocabu-

161 1264 259 1324 lorum
275 1261 468 1323 adhibendae
483 1270 567 1340 sunt,
583 1280 663 1341 quae
679 1260 841 1322 minimum
853 1259 1029 1322 offensionis
1040 1260 1181 1323 habeant:
1196 1268 1223 1320 ut

160 1367 191 1426 in
207 1364 315 1427 Aesoh.
335 1364 440 1445 Agam.
463 1366 556 1426 tt77.

245 1499 379 1582 δαῖμον,
404 1491 442 1575 ὃς
464 1496 635 1580 ἒμπιτνεῖς
657 1495 790 1580 δώμασι
812 1495 869 1562 καί
891 1493 1007 1586 διφυί-

246 1626 316 1670 οισι
342 1597 610 1667 Τανταλίδαισιν.

244 1866 268 1945 ἦ
282 1861 360 1929 628.
388 1866 464 1926 llino
476 1864 663 1944 intelligitur,
682 1883 739 1926 our
753 1866 784 1925 iu
797 1863 985 1944 quibusdam
999 1866 1144 1928 versibus
1154 1885 1234 1946 saepe

160 1971 199 2029 ita
214 1970 375 2030 coniuncta
391 1969 454 2030 sint
466 1967 615 2046 membra,
635 1976 669 2030 ut
680 1986 771 2031 voees
783 1969 874 2029 etiam
891 1969 927 2029 iis
940 1967 1039 2029 modis
1052 1968 1234 2045 dividantur,

148 2075 214 2151 ‘qui
229 2073 332 2150 alitor,
351 2074 371 2132 i.
391 2091 417 2131 e.
440 2072 551 2132 maiore
566 2089 664 2152 pausa
679 2072 775 2150 laeta,
801 2069 996 2151 improbandi
1011 2082 1126 2132 esseut.
1158 2072 1240 2146 Quod

159 2175 194 2236 lit
208 2178 341 2237 maxime
356 2176 387 2235 in
401 2175 543 2236 versibus
560 2175 600 2235 ab
611 2175 779 2255 antispasto
791 2175 1019 2255 incipientibuS‚
1036 2184 1069 2236 et
1083 2177 1116 2235 in
1132 2177 1179 2255 iis,
1193 2178 1241 2257 qui

159 2279 221 2340 duo
251 2280 492 2360 penthemimere
521 2277 651 2338 iambica
682 2280 848 2339 continent.
885 2276 1058 2356 Aeschylus
1088 2279 1175 2359 Sept.
1207 2278 1244 2341 ad

159 2381 255 2442 Theb.
279 2383 349 2442 tet.
369 2382 449 2442 Pers.
471 2383 541 2442 288.
562 2380 667 2460 Agam.
685 2382 756 2442 tlt.
774 2385 846 2443 200.
866 2399 930 2460 seq.

243 2507 365 2602 όίρηξον
386 2513 509 2580 δα-’ίιον
531 2511 665 2580 ἅλωσιν.

245 2613 378 2684 ἔκτισαν
399 2610 545 2695 κόνι-δας
567 2611 617 2704 ἠδ
645 2611 836 2705 όνοίνδροος.

242 2718 384 2805 μιαίνων
406 2716 770 2809 παρθενοσφάγοισιν.

243 2822 347 2890 πνοαί
368 2818 398 2890 δ’
421 2819 492 2890 ἀπὸ
514 2824 719 2910 Στρυ-μόνος
740 2825 918 2906 μολοῦσαι,

243 2925 444 3010 κακόσχολοι
465 2925 632 3030 νή-στιδρς
654 2923 824 3013 δόςορμοι.

242 3185 357 3269 ξ629.
384 3191 522 3270 Denique
534 3191 565 3250 iu
582 3190 729 3251 membris
742 3210 889 3253 versuum
908 3191 1140 3270 distinguendis
1157 3199 1249 3258 otiam

157 3313 268 3355 sensus
285 3295 381 3356 multo
397 3311 457 3355 usu
472 3292 621 3355 subactus
637 3295 761 3373 aerique
778 3293 887 3356 iudicio
904 3296 1104 3356 confirmatus
1121 3297 1249 3360 accedat

158 3415 284 3458 neeesse
299 3407 363 3476 est,
390 3399 443 3475 qui
459 3396 534 3477 quid
550 3398 715 3475 usitatum,
742 3397 817 3476 quid
833 3407 957 3477 aptum,
984 3397 1061 3477 quid
1077 3410 1248 3462 venustum

82 3556 85 3561 .
156 3501 205 3577 sit,
226 3499 312 3560 laoile
328 3500 561 3578 animadvertat,
581 3500 804 3580 diligenterque
820 3499 985 3580 expendat.
1014 3503 1167 3582 Exemplo
1181 3523 1249 3566 reru

156 3602 326 3664 illustrabo.
375 3606 407 3664 ln
440 3604 532 3683 Soph.
566 3604 641 3665 Oed.
677 3606 711 3665 ll.
740 3607 811 3665 tto.
853 3603 1032 3665 Erlurdtius
1062 3607 1103 3667 ita
1138 3626 1249 3670 versus

157 3706 309 3767 distinxit:

242 3850 280 3919 οδ
303 3853 360 3920 τόν
382 3853 516 3922 πόντων
537 3855 731 3922 θεοῖν-θεὸν
753 3853 884 3943 πρόμον

234 3956 364 4023 Ἅλιον·
389 3957 465 4024 ἐπεὶ
487 3951 603 4039 tiseos,
627 4000 642 4008 -
666 3953 802 4048 όίφιλος,
828 3956 849 4025 ό
869 3984 900 4024 τι
924 3956 1079 4042 πόματον

242 4058 395 4145 ὀλοίμαν,
420 4060 601 4152 φρόνη-σιν
623 4059 654 4129 εί
676 4057 767 4128 τόνδ’
792 4059 865 4146 ἔχω,
