2804 4912
606 302 645 347 lt!
659 302 824 348 miltun.

602 475 716 549 cAP.
734 479 809 550 111.

539 613 598 684 De
624 611 869 687 ordinibus,

249 761 343 845 517.
381 766 535 828 Numerus
557 774 611 828 aut
633 766 771 829 iuflnitus
792 776 857 845 est,
887 769 940 846 qui
964 776 1045 829 totus
1068 788 1107 830 ex
1129 769 1249 830 thetiois

160 868 356 950 temporibus
377 878 509 948 constat,
536 870 636 949 qualis
658 888 807 933 numerus
829 871 901 950 quia
923 872 1068 933 varietate
1089 881 1189 952 caret,
1217 875 1248 933 in

160 971 300 1051 artibus,
333 992 413 1054 quac
439 974 576 1035 numeris
602 982 750 1053 utuntur,
780 974 901 1036 nullum
930 973 1025 1036 habet
1050 994 1160 1053 usum;
1194 987 1249 1038 aut

162 1077 271 1138 linitus
285 1086 346 1156 est,
371 1076 473 1158 qualis
487 1086 551 1154 est,
577 1078 630 1157 qni
646 1078 729 1139 arsin
744 1076 848 1140 babet.
882 1077 1063 1141 Huiusmodi
1082 1097 1247 1142 numerum

162 1179 347 1243 ordinem
368 1196 524 1242 vocamus.

248 1385 274 1466 5
290 1381 342 1451 18.
376 1385 508 1450 Ordines
523 1396 577 1450 aut
591 1387 800 1469 simplices
816 1397 899 1467 suut,
922 1389 975 1468 qul
990 1397 1045 1451 aut
1059 1390 1091 1451 ln
1106 1390 1169 1452 sola
1184 1393 1246 1453 arsi

159 1489 346 1570 consistunt,
366 1498 403 1552 ut

250 1595 277 1638 ψ

279 1639 287 1671 r

158 1705 219 1760 aut
231 1714 274 1758 ex
288 1696 349 1757 arsi
364 1702 396 1757 et
410 1695 490 1756 thesi
505 1704 656 1775 constant,
675 1704 711 1758 ut

250 1801 312 1877 ω’
381 1802 468 1878 Μ)

158 1905 213 1967 alii
235 1903 439 1984 periodici,
465 1903 518 1983 qui
541 1922 581 1964 en
602 1900 744 1981 pluribus
759 1899 919 1963 ordinibus
935 1921 997 1963 uno
1013 1921 1140 1965 numero
1155 1925 1245 1967 com-

158 2009 337 2088 prehensiS,
363 2009 429 2068 ie.
449 2025 488 2066 ex
503 2024 566 2067 una
588 2006 744 2066 communi
765 2023 873 2067 caussa
896 2007 969 2067 ortis
984 2009 1141 2089 compositi
1157 2020 1240 2071 sunt.

159 2113 240 2172 Nam
259 2120 294 2173 ut
316 2109 504 2190 singulorum
520 2117 694 2188 temporum
708 2109 919 2187 successione,
945 2110 986 2171 ita
1007 2112 1099 2172 etiam
1114 2131 1244 2174 succos-

165 2214 250 2274 sione
269 2215 456 2293 integrorum
479 2211 622 2274 ordinum
646 2212 741 2273 series
764 2230 944 2273 caussarum
963 2222 1056 2294 atque
1078 2216 1243 2279 effectuum

160 2319 384 2397 repraesentari
405 2325 520 2396 potest,
547 2324 669 2377 servata
689 2316 755 2395 lege
778 2316 985 2397 aequalitatis,
1011 2327 1060 2398 ut,
1087 2320 1243 2400 quemad-

157 2419 288 2483 modum
310 2421 342 2481 in
365 2419 557 2499 simplicibus
576 2417 737 2481 ordinibus
757 2419 877 2499 singula
899 2429 1051 2501 tempora,
1076 2423 1121 2484 sic
1135 2425 1167 2485 in
1182 2444 1243 2505 pe-

155 2522 281 2586 riodicis
296 2522 419 2585 ordines
434 2523 545 2602 singuli
562 2521 621 2583 sibi
636 2540 726 2602 pares
742 2523 813 2602 sint,
832 2531 868 2584 ut

246 2611 298 2673 bo
319 2628 380 2706 oo,
449 2628 527 2672 ow
548 2628 634 2686 ooo,

245 2833 269 2914 5
287 2830 339 2898 19.
372 2832 487 2895 Eodem
508 2831 614 2910 modo,
640 2840 675 2895 ut
694 2832 772 2893 arsis
794 2831 910 2894 athesi
933 2834 1039 2895 maiori
1055 2836 1083 2894 vi
1100 2854 1241 2897 caussam

153 2937 332 3000 absolutam
348 2936 501 2999 indicante
517 2935 731 3015 distinguitur,
758 2936 848 2996 ctiam
864 2936 962 3014 prima
979 2934 1120 2998 ordinum
1135 2941 1241 3019 perio-

156 3041 298 3104 dicorum
310 3041 397 3119 arsis,
409 3049 444 3101 ut
455 3059 535 3120 quae
546 3056 688 3101 caussam
700 3037 874 3100 absolutam
887 3039 1114 3120 insequentium
1125 3044 1240 3106 arsium

158 3146 327 3222 contineat,
346 3142 451 3204 fortior
465 3143 526 3204 illis
541 3151 597 3203 est.
630 3140 706 3202 Nam
722 3160 864 3223 quaeque
880 3144 1108 3223 insequentium
1124 3147 1239 3208 arsium

156 3247 300 3310 absoluta
316 3256 373 3326 est,
392 3244 475 3325 quod
490 3245 599 3306 attinet
613 3243 653 3305 ad
668 3264 739 3307 eum
754 3244 903 3326 ordinem,
923 3265 1013 3309 eosve
1028 3247 1161 3327 ordines,
1186 3251 1239 3330 qui

154 3371 196 3413 ex
211 3352 278 3432 ipsa
295 3358 478 3426 nascuntnr;
505 3366 568 3409 non
583 3346 739 3426 absoluta,
766 3348 850 3428 quod
871 3350 979 3413 attinet
992 3350 1033 3413 ad
1047 3351 1240 3432 praeceden-

154 3464 219 3516 tem
235 3455 329 3533 arsin,
348 3455 437 3516 cuius
452 3453 518 3533 ipsa
534 3452 660 3513 effeetus
676 3460 731 3513 est.

242 3657 336 3741 §2st
370 3662 446 3722 Hinc
467 3661 517 3738 fit,
544 3668 578 3721 ut
599 3659 676 3719 arsis
698 3659 729 3719 in
752 3678 787 3720 eo
810 3658 931 3740 ordine,
957 3663 1045 3725 errius
1065 3663 1132 3742 ipsa
1146 3664 1239 3741 prin-

153 3765 271 3845 cipium
294 3773 356 3842 est,
382 3771 501 3825 mutare
522 3761 640 3842 aliquid
661 3763 771 3842 possit,
797 3765 887 3843 isque
906 3763 995 3844 ordo,
1023 3774 1176 3846 quatenus
1198 3765 1238 3828 ab

155 3886 215 3930 sua
236 3869 297 3929 arsi
324 3866 455 3946 pendet,
484 3873 647 3945 exemptus
672 3866 713 3927 sit
738 3867 805 3947 lege
828 3867 878 3929 illa
905 3869 1105 3948 aequalitatis.
1141 3870 1241 3931 Potest

156 3979 262 4032 autem
284 3971 426 4032 cohibere
449 3989 482 4032 se
503 3971 551 4030 vis
573 3969 640 4049 illa,
669 3969 842 4032 cuiusmodi
862 3969 984 4034 ordines
1007 3974 1241 4037 imminutos

159 4092 320 4150 vocamus,
341 4084 376 4136 ut

243 4179 356 4256 owe,
431 4180 569 4257 oveco,
