2804 4912
500 209 555 250 ΗΒ.
576 210 619 251 ΙΙΙ.
654 208 717 250 CAP.
735 210 786 251 xil.

188 360 304 445 5544.
332 361 447 424 Deinde
463 363 517 442 qui
540 364 610 422 iam
620 361 790 443 belegus
813 373 958 424 vocatur:

188 478 310 531 0202-
323 481 328 568 Ι
343 482 511 529 Lemma-

189 581 405 670 πρῶτονμὲν
427 575 585 666 εὔβουλον
609 578 712 665 Θέμιν
735 574 902 663 οὐρανίαν.

145 694 148 699 ’
187 683 304 754 κείνων
325 684 492 753 λυθέντων
514 687 592 762 σαῖς
611 680 681 751 ὑπὸ
701 681 823 772 χερσίν,
845 677 938 764 ἅναξ.

188 895 303 978 5545.
329 897 420 960 Porro
436 916 545 960 versus
559 896 806 977 Platonicus,
826 915 865 956 ex
880 895 930 958 his
945 894 1105 957 membris:

187 1013 382 1066 Λευ-ωλι
395 1015 399 1099 l
413 1016 507 1063 LcL.
521 1016 525 1096 ζ
540 1017 709 1064 ζων-νυ.

187 1120 283 1206 χαῖρε
312 1113 549 1202 παλαιογόνων
567 1110 697 1203 ἀνδρῶν
724 1119 860 1183 θεατῶν
888 1111 1027 1204 ξύλλογε
1056 1139 1165 1181 norr-
1181 1134 1224 1163 ·-

749 1216 875 1308 odoror.

187 1429 303 1514 §oto
330 1433 467 1512 nonique
483 1430 718 1493 Pindaricus
740 1449 868 1493 versus:

187 1547 306 1600 (Aer-
320 1550 324 1635 l
340 1546 535 1598 waoj
549 1549 553 1634 ι
566 1549 661 1598 :eL-

188 1646 226 1731 lic
246 1650 304 1718 καὶ
330 1650 448 1729 τυπεὶς
475 1646 566 1738 ἁγνῷ
588 1646 722 1717 πελέκει
743 1647 857 1717 τέκετο
880 1647 1010 1731 ξανθὰν
1027 1647 1224 1718 :roem

188 1754 289 1845 σοφοὶ
311 1753 349 1823 δὲ
370 1751 429 1822 καὶ
449 1751 489 1820 τὸ
511 1751 615 1843 μηδὲν
636 1745 720 1841 ἄγαν
743 1749 827 1831 ἔντος
848 1748 988 1843 αἴνησαν
1009 1756 1224 1842 neotum-35

187 1983 211 2065 5
225 1980 304 2047 547.
324 1985 375 2045 vsi
388 1993 462 2046 sunt
473 1985 521 2046 his
535 1983 676 2062 epitritis,
691 2001 824 2062 quorum
840 1983 976 2063 gravitas
990 1982 1055 2044 lere
1065 1997 1208 2063 semper

101 2088 250 2167 dactylico
274 2106 402 2149 numero
425 2096 630 2168 teniporatur,
657 2095 849 2166 augeturque
872 2085 1030 2148 interdum
1046 2086 1199 2149 trochaeo

101 2199 254 2269 semanto‚
277 2187 316 2250 de
338 2209 400 2270 quo
423 2191 501 2250 inlra
517 2188 534 2271 ᾗ
552 2192 624 2250 tol.
651 2210 716 2269 seq.
743 2190 827 2271 lyrici
843 2192 977 2251 maxime
993 2190 1024 2270 ii,
1042 2191 1095 2270 qui
1108 2206 1188 2270 gra-

55 2338 60 2348 .
103 2296 263 2356 vissimum
279 2302 310 2354 et
325 2292 609 2374 splendidissimum
627 2312 725 2370 genus
743 2294 853 2374 lyricae
869 2312 996 2372 poeseos
1012 2294 1175 2365 coluerunt,

101 2409 136 2461 ut
150 2396 300 2458 Pindarus
319 2407 350 2459 et
365 2396 548 2459 Simonides.
583 2396 656 2457 Vide
679 2394 786 2477 §stin
820 2397 929 2459 llarius
952 2398 1076 2478 tragici,
1098 2390 1172 2476 qnod

100 2502 129 2561 hi
153 2501 274 2563 numeri
303 2501 543 2581 tranquilliorem
566 2510 597 2561 et
619 2499 801 2561 seduliorem
832 2502 1028 2563 severitatem
1058 2499 1163 2572 moed,

100 2624 193 2685 quam
215 2623 294 2683 quae
316 2604 499 2685 plerumque
521 2605 553 2665 in
576 2603 731 2683 tragoedia
751 2603 927 2682 requiritur.
962 2605 1073 2667 Barim
1091 2603 1163 2665 olion

99 2709 205 2769 comici
221 2709 268 2769 usi
283 2717 366 2770 suut.

524 3143 638 3213 cof.
656 3144 750 3213 XII.

278 3296 337 3366 De
363 3296 693 3390 compositione
720 3318 1009 3367 numerorum.

183 3463 299 3549 3548.
330 3467 439 3527 Omnis
462 3467 634 3527 carminum
657 3464 886 3528 condendorum
911 3468 988 3528 ratio
1011 3469 1143 3531 continet

98 3571 313 3649 electione,
339 3579 482 3648 quaeest
505 3570 536 3629 in
551 3568 736 3630 inveniendo
751 3588 860 3649 genere
877 3571 998 3630 numeri
1014 3573 1058 3632 rei
1074 3574 1136 3634 cuir

97 3683 184 3754 apto,
203 3683 235 3735 et
255 3674 515 3750 tractatione,
542 3691 622 3752 quae
639 3673 668 3733 in
683 3682 754 3751 apta
772 3673 880 3733 liorum
896 3691 1044 3750 generum
1061 3676 1131 3738 oonl

98 3777 231 3837 motione
247 3786 278 3837 et
292 3777 504 3839 coniunctione
520 3785 671 3838 versatur.

182 3979 298 4063 5549.
326 3985 369 4044 lle
392 3973 713 4046 electionemulta
729 3995 760 4046 ct
776 3985 884 4046 musici
902 3995 1038 4067 veteres,
1063 3997 1100 4053 ut

97 4086 409 4161 slidesQuintilianus
420 4104 450 4164 p.
464 4088 503 4149 97
517 4106 597 4167 scq.‚
617 4096 648 4149 et
659 4088 796 4149 rhetores
809 4086 1036 4152 disseruerunt.
1064 4092 1102 4155 Ee
