<?xml version="1.0" encoding="UTF-8"?>
<!DOCTYPE html PUBLIC "-//W3C//DTD XHTML 1.0 Transitional//EN"
    "http://www.w3.org/TR/xhtml1/DTD/xhtml1-transitional.dtd">
<html xmlns="http://www.w3.org/1999/xhtml" xml:lang="en" lang="en">
 <head>
  <title>
</title>
<meta http-equiv="Content-Type" content="text/html;charset=utf-8" />
  <meta name='ocr-system' content='tesseract 3.04.00' />
  <meta name='ocr-capabilities' content='ocr_page ocr_carea ocr_par ocr_line ocrx_word'/>
</head>
<body>
  <div class='ocr_page' id='page_1' title='image "./godofrediherman00hermgoog/godofrediherman00hermgoog_0018.png"; bbox 0 0 2804 4912; ppageno 0'>
   <div class='ocr_carea' id='block_1_1' title="bbox 559 313 1188 356">
    <p class='ocr_par' dir='ltr' id='par_1_1' title="bbox 559 313 1188 356">
     <span class='ocr_line' id='line_1_1' title="bbox 559 313 1188 356; baseline -0.005 -1"><span class='ocrx_word' id='word_1_1' title='bbox 559 315 725 356; x_wconf 67' lang='lat' dir='ltr'>nnumin.</span> <span class='ocrx_word' id='word_1_2' title='bbox 1159 313 1188 352; x_wconf 79' lang='grc' dir='ltr'>ΧΙ</span> 
     </span>
    </p>
   </div>
   <div class='ocr_carea' id='block_1_2' title="bbox 93 457 1190 638">
    <p class='ocr_par' dir='ltr' id='par_1_2' title="bbox 93 457 1190 638">
     <span class='ocr_line' id='line_1_2' title="bbox 93 457 1190 566; baseline -0.004 -36"><span class='ocrx_word' id='word_1_3' title='bbox 93 463 166 530; x_wconf 74' lang='lat' dir='ltr'>Sed</span> <span class='ocrx_word' id='word_1_4' title='bbox 179 485 276 547; x_wconf 81' lang='lat' dir='ltr'>quum</span> <span class='ocrx_word' id='word_1_5' title='bbox 290 465 324 530; x_wconf 92' lang='lat' dir='ltr'>in</span> <span class='ocrx_word' id='word_1_6' title='bbox 344 465 413 530; x_wconf 89' lang='lat' dir='ltr'>eod.</span> <span class='ocrx_word' id='word_1_7' title='bbox 431 467 510 531; x_wconf 87' lang='lat' dir='ltr'>Rav.</span> <span class='ocrx_word' id='word_1_8' title='bbox 529 457 599 549; x_wconf 76' lang='grc' dir='ltr'><strong><em>τοίγ’</em></strong></span> <span class='ocrx_word' id='word_1_9' title='bbox 617 457 681 566; x_wconf 71' lang='grc' dir='ltr'><strong><em>ίστ’</em></strong></span> <span class='ocrx_word' id='word_1_10' title='bbox 698 465 861 530; x_wconf 86' lang='lat' dir='ltr'>inventum</span> <span class='ocrx_word' id='word_1_11' title='bbox 876 464 928 542; x_wconf 88' lang='lat' dir='ltr'>sit,</span> <span class='ocrx_word' id='word_1_12' title='bbox 946 483 1021 529; x_wconf 88' lang='lat' dir='ltr'>vera</span> <span class='ocrx_word' id='word_1_13' title='bbox 1035 463 1190 546; x_wconf 85' lang='lat' dir='ltr'>sen&#39;ptnra</span> 
     </span>
     <span class='ocr_line' id='line_1_3' title="bbox 95 571 421 638; baseline 0.009 -3"><span class='ocrx_word' id='word_1_14' title='bbox 95 571 181 636; x_wconf 85' lang='lat' dir='ltr'>haee</span> <span class='ocrx_word' id='word_1_15' title='bbox 196 590 267 638; x_wconf 85' lang='lat' dir='ltr'>esse</span> <span class='ocrx_word' id='word_1_16' title='bbox 281 572 421 638; x_wconf 78' lang='lat' dir='ltr'>videtur:</span> 
     </span>
    </p>
   </div>
   <div class='ocr_carea' id='block_1_3' title="bbox 190 735 976 833">
    <p class='ocr_par' dir='ltr' id='par_1_3' title="bbox 190 735 976 833">
     <span class='ocr_line' id='line_1_4' title="bbox 190 735 976 833; baseline 0 -25"><span class='ocrx_word' id='word_1_17' title='bbox 190 740 276 830; x_wconf 78' lang='grc' dir='ltr'><strong><em>πρὸς</em></strong></span> <span class='ocrx_word' id='word_1_18' title='bbox 297 740 399 832; x_wconf 78' lang='grc' dir='ltr'><strong><em>ἥνπερ</em></strong></span> <span class='ocrx_word' id='word_1_19' title='bbox 421 741 595 833; x_wconf 75' lang='grc' dir='ltr'><strong><em>ἐπιτήδεια</em></strong></span> <span class='ocrx_word' id='word_1_20' title='bbox 617 739 698 809; x_wconf 70' lang='lat' dir='ltr'>adds</span> <span class='ocrx_word' id='word_1_21' title='bbox 720 737 747 830; x_wconf 76' lang='grc' dir='ltr'>γ’</span> <span class='ocrx_word' id='word_1_22' title='bbox 771 735 864 832; x_wconf 73' lang='grc' dir='ltr'><strong><em>ᾅδειν</em></strong></span> <span class='ocrx_word' id='word_1_23' title='bbox 884 741 976 830; x_wconf 83' lang='grc' dir='ltr'><strong><em>μέλη.</em></strong></span> 
     </span>
    </p>
   </div>
   <div class='ocr_carea' id='block_1_4' title="bbox 97 937 1189 1543">
    <p class='ocr_par' dir='ltr' id='par_1_4' title="bbox 97 937 1189 1543">
     <span class='ocr_line' id='line_1_5' title="bbox 191 937 1186 1023; baseline 0.002 -22"><span class='ocrx_word' id='word_1_24' title='bbox 191 937 297 1004; x_wconf 80' lang='lat' dir='ltr'>Tertio</span> <span class='ocrx_word' id='word_1_25' title='bbox 317 945 402 1005; x_wconf 86' lang='lat' dir='ltr'>recte</span> <span class='ocrx_word' id='word_1_26' title='bbox 422 939 527 1004; x_wconf 84' lang='lat' dir='ltr'>finitur</span> <span class='ocrx_word' id='word_1_27' title='bbox 547 940 676 1005; x_wconf 88' lang='lat' dir='ltr'>verbum</span> <span class='ocrx_word' id='word_1_28' title='bbox 696 938 729 1003; x_wconf 94' lang='lat' dir='ltr'>in</span> <span class='ocrx_word' id='word_1_29' title='bbox 749 939 852 1023; x_wconf 82' lang='lat' dir='ltr'>prima</span> <span class='ocrx_word' id='word_1_30' title='bbox 871 939 1036 1023; x_wconf 83' lang='lat' dir='ltr'>anapaesti</span> <span class='ocrx_word' id='word_1_31' title='bbox 1052 939 1186 1022; x_wconf 81' lang='lat' dir='ltr'>syllaba,</span> 
     </span>
     <span class='ocr_line' id='line_1_6' title="bbox 98 1045 1188 1128; baseline 0.001 -19"><span class='ocrx_word' id='word_1_32' title='bbox 98 1046 129 1110; x_wconf 91' lang='lat' dir='ltr'>si</span> <span class='ocrx_word' id='word_1_33' title='bbox 151 1045 185 1109; x_wconf 93' lang='lat' dir='ltr'>in</span> <span class='ocrx_word' id='word_1_34' title='bbox 207 1051 319 1128; x_wconf 85' lang='lat' dir='ltr'>quarta</span> <span class='ocrx_word' id='word_1_35' title='bbox 338 1047 402 1111; x_wconf 87' lang='lat' dir='ltr'>arsi</span> <span class='ocrx_word' id='word_1_36' title='bbox 425 1066 555 1112; x_wconf 83' lang='lat' dir='ltr'>caesura</span> <span class='ocrx_word' id='word_1_37' title='bbox 577 1052 642 1124; x_wconf 89' lang='lat' dir='ltr'>est,</span> <span class='ocrx_word' id='word_1_38' title='bbox 665 1047 762 1111; x_wconf 86' lang='lat' dir='ltr'>verba</span> <span class='ocrx_word' id='word_1_39' title='bbox 781 1053 903 1124; x_wconf 88' lang='lat' dir='ltr'>autem,</span> <span class='ocrx_word' id='word_1_40' title='bbox 928 1047 960 1110; x_wconf 93' lang='lat' dir='ltr'>in</span> <span class='ocrx_word' id='word_1_41' title='bbox 981 1046 1094 1128; x_wconf 85' lang='lat' dir='ltr'>quibus</span> <span class='ocrx_word' id='word_1_42' title='bbox 1109 1066 1188 1110; x_wconf 90' lang='lat' dir='ltr'>ana-</span> 
     </span>
     <span class='ocr_line' id='line_1_7' title="bbox 97 1152 1189 1236; baseline -0.002 -19"><span class='ocrx_word' id='word_1_43' title='bbox 97 1159 234 1236; x_wconf 85' lang='lat' dir='ltr'>paestus</span> <span class='ocrx_word' id='word_1_44' title='bbox 253 1159 318 1231; x_wconf 87' lang='lat' dir='ltr'>est,</span> <span class='ocrx_word' id='word_1_45' title='bbox 341 1173 437 1220; x_wconf 87' lang='lat' dir='ltr'>sensu</span> <span class='ocrx_word' id='word_1_46' title='bbox 456 1157 635 1223; x_wconf 77' lang='lat' dir='ltr'>cohaerent.</span> <span class='ocrx_word' id='word_1_47' title='bbox 666 1155 749 1218; x_wconf 89' lang='lat' dir='ltr'>Nam</span> <span class='ocrx_word' id='word_1_48' title='bbox 769 1172 899 1231; x_wconf 86' lang='lat' dir='ltr'>sensus,</span> <span class='ocrx_word' id='word_1_49' title='bbox 924 1152 1072 1236; x_wconf 76' lang='lat' dir='ltr'>coniungi</span> <span class='ocrx_word' id='word_1_50' title='bbox 1093 1153 1189 1219; x_wconf 83' lang='lat' dir='ltr'>verba</span> 
     </span>
     <span class='ocr_line' id='line_1_8' title="bbox 97 1259 1189 1344; baseline -0.002 -19"><span class='ocrx_word' id='word_1_51' title='bbox 97 1261 160 1325; x_wconf 90' lang='lat' dir='ltr'>illa</span> <span class='ocrx_word' id='word_1_52' title='bbox 173 1261 338 1344; x_wconf 87' lang='lat' dir='ltr'>postulans</span> <span class='ocrx_word' id='word_1_53' title='bbox 359 1266 447 1324; x_wconf 81' lang='lat' dir='ltr'>tanto</span> <span class='ocrx_word' id='word_1_54' title='bbox 467 1260 569 1343; x_wconf 82' lang='lat' dir='ltr'>magis</span> <span class='ocrx_word' id='word_1_55' title='bbox 589 1262 745 1327; x_wconf 82' lang='lat' dir='ltr'>aeeelerat</span> <span class='ocrx_word' id='word_1_56' title='bbox 759 1260 925 1327; x_wconf 80' lang='lat' dir='ltr'>desursum</span> <span class='ocrx_word' id='word_1_57' title='bbox 940 1260 1080 1339; x_wconf 82' lang='lat' dir='ltr'>numeni,</span> <span class='ocrx_word' id='word_1_58' title='bbox 1105 1259 1189 1342; x_wconf 88' lang='lat' dir='ltr'>qnod</span> 
     </span>
     <span class='ocr_line' id='line_1_9' title="bbox 98 1367 1189 1452; baseline -0.003 -18"><span class='ocrx_word' id='word_1_59' title='bbox 98 1367 212 1434; x_wconf 88' lang='lat' dir='ltr'>statim</span> <span class='ocrx_word' id='word_1_60' title='bbox 227 1375 371 1433; x_wconf 88' lang='lat' dir='ltr'>seeutnra</span> <span class='ocrx_word' id='word_1_61' title='bbox 386 1375 435 1433; x_wconf 88' lang='lat' dir='ltr'>est</span> <span class='ocrx_word' id='word_1_62' title='bbox 449 1388 550 1450; x_wconf 87' lang='lat' dir='ltr'>pausa</span> <span class='ocrx_word' id='word_1_63' title='bbox 564 1368 598 1433; x_wconf 94' lang='lat' dir='ltr'>in</span> <span class='ocrx_word' id='word_1_64' title='bbox 612 1375 724 1452; x_wconf 87' lang='lat' dir='ltr'>quarta</span> <span class='ocrx_word' id='word_1_65' title='bbox 738 1368 813 1447; x_wconf 87' lang='lat' dir='ltr'>arsi,</span> <span class='ocrx_word' id='word_1_66' title='bbox 836 1367 878 1432; x_wconf 88' lang='lat' dir='ltr'>ad</span> <span class='ocrx_word' id='word_1_67' title='bbox 894 1389 987 1450; x_wconf 90' lang='lat' dir='ltr'>quam</span> <span class='ocrx_word' id='word_1_68' title='bbox 1003 1386 1102 1450; x_wconf 88' lang='lat' dir='ltr'>usque</span> <span class='ocrx_word' id='word_1_69' title='bbox 1116 1386 1189 1450; x_wconf 89' lang='lat' dir='ltr'>per-</span> 
     </span>
     <span class='ocr_line' id='line_1_10' title="bbox 98 1475 485 1543; baseline -0.005 0"><span class='ocrx_word' id='word_1_70' title='bbox 98 1477 178 1543; x_wconf 91' lang='lat' dir='ltr'>duei</span> <span class='ocrx_word' id='word_1_71' title='bbox 193 1495 341 1542; x_wconf 84' lang='lat' dir='ltr'>numems</span> <span class='ocrx_word' id='word_1_72' title='bbox 355 1475 485 1542; x_wconf 82' lang='lat' dir='ltr'>debeat:</span> 
     </span>
    </p>
   </div>
   <div class='ocr_carea' id='block_1_5' title="bbox 96 1644 484 1889">
    <p class='ocr_par' dir='ltr' id='par_1_5' title="bbox 96 1644 484 1889">
     <span class='ocr_line' id='line_1_11' title="bbox 190 1644 445 1734; baseline -0.008 -38"><span class='ocrx_word' id='word_1_73' title='bbox 190 1650 311 1698; x_wconf 58' lang='grc' dir='ltr'>σιω.</span> <span class='ocrx_word' id='word_1_74' title='bbox 328 1647 332 1734; x_wconf 73' lang='grc' dir='ltr'><strong><em>η</em></strong></span> <span class='ocrx_word' id='word_1_75' title='bbox 349 1644 445 1696; x_wconf 60' lang='lat' dir='ltr'>me-</span> 
     </span>
     <span class='ocr_line' id='line_1_12' title="bbox 96 1820 484 1889; baseline -0.008 -1"><span class='ocrx_word' id='word_1_76' title='bbox 96 1825 154 1889; x_wconf 85' lang='lat' dir='ltr'>Ita</span> <span class='ocrx_word' id='word_1_77' title='bbox 166 1821 203 1887; x_wconf 91' lang='lat' dir='ltr'>in</span> <span class='ocrx_word' id='word_1_78' title='bbox 215 1820 344 1887; x_wconf 80' lang='lat' dir='ltr'>Thesm.</span> <span class='ocrx_word' id='word_1_79' title='bbox 361 1840 393 1887; x_wconf 84' lang='grc' dir='ltr'>ν.</span> <span class='ocrx_word' id='word_1_80' title='bbox 410 1823 484 1886; x_wconf 86' lang='grc'>609.</span> 
     </span>
    </p>
   </div>
   <div class='ocr_carea' id='block_1_6' title="bbox 192 1985 895 2080">
    <p class='ocr_par' dir='ltr' id='par_1_6' title="bbox 192 1985 895 2080">
     <span class='ocr_line' id='line_1_13' title="bbox 192 1985 895 2080; baseline -0.004 -21"><span class='ocrx_word' id='word_1_81' title='bbox 192 1987 330 2075; x_wconf 59' lang='lat' dir='ltr'>sigonem·</span> <span class='ocrx_word' id='word_1_82' title='bbox 355 1986 455 2079; x_wconf 68' lang='grc' dir='ltr'><strong><em>τίτθη</em></strong></span> <span class='ocrx_word' id='word_1_83' title='bbox 479 1987 516 2080; x_wconf 81' lang='grc' dir='ltr'>νὴ</span> <span class='ocrx_word' id='word_1_84' title='bbox 539 1985 595 2057; x_wconf 77' lang='grc' dir='ltr'>Δί’</span> <span class='ocrx_word' id='word_1_85' title='bbox 618 1989 690 2080; x_wconf 75' lang='grc' dir='ltr'>ἐμή.</span> <span class='ocrx_word' id='word_1_86' title='bbox 713 1989 895 2075; x_wconf 69' lang='grc' dir='ltr'><strong><em>διοίχομαι.</em></strong></span> 
     </span>
    </p>
   </div>
   <div class='ocr_carea' id='block_1_7' title="bbox 98 2158 512 2281">
    <p class='ocr_par' dir='ltr' id='par_1_7' title="bbox 98 2158 512 2281">
     <span class='ocr_line' id='line_1_14' title="bbox 98 2158 512 2281; baseline -0.012 -31"><span class='ocrx_word' id='word_1_87' title='bbox 98 2158 341 2250; x_wconf 85' lang='lat' dir='ltr'>EtinNub.v.</span> <span class='ocrx_word' id='word_1_88' title='bbox 361 2187 414 2247; x_wconf 84' lang='lat'>71.</span> <span class='ocrx_word' id='word_1_89' title='bbox 508 2275 512 2281; x_wconf 22' lang='grc' dir='ltr'>Ι</span> 
     </span>
    </p>
   </div>
   <div class='ocr_carea' id='block_1_8' title="bbox 192 2349 1057 2445">
    <p class='ocr_par' dir='ltr' id='par_1_8' title="bbox 192 2349 1057 2445">
     <span class='ocr_line' id='line_1_15' title="bbox 192 2349 1057 2445; baseline 0.001 -27"><span class='ocrx_word' id='word_1_90' title='bbox 192 2350 300 2440; x_wconf 77' lang='grc' dir='ltr'><strong><em>ιῖίςιιερ</em></strong></span> <span class='ocrx_word' id='word_1_91' title='bbox 323 2351 532 2442; x_wconf 75' lang='grc' dir='ltr'><strong><em>Μεγακλέης,</em></strong></span> <span class='ocrx_word' id='word_1_92' title='bbox 555 2349 679 2435; x_wconf 77' lang='grc' dir='ltr'><strong><em>ξυστίδ’</em></strong></span> <span class='ocrx_word' id='word_1_93' title='bbox 703 2350 799 2437; x_wconf 57' lang='lat' dir='ltr'>sigma·</span> <span class='ocrx_word' id='word_1_94' title='bbox 826 2353 889 2442; x_wconf 73' lang='grc' dir='ltr'>ἐγώ</span> <span class='ocrx_word' id='word_1_95' title='bbox 912 2350 941 2420; x_wconf 74' lang='grc' dir='ltr'>δ’</span> <span class='ocrx_word' id='word_1_96' title='bbox 964 2352 1057 2445; x_wconf 74' lang='grc' dir='ltr'><strong><em>ἔφην.</em></strong></span> 
     </span>
    </p>
   </div>
   <div class='ocr_carea' id='block_1_9' title="bbox 98 2545 1188 2840">
    <p class='ocr_par' dir='ltr' id='par_1_9' title="bbox 98 2545 1188 2840">
     <span class='ocr_line' id='line_1_16' title="bbox 100 2545 1188 2631; baseline -0.001 -19"><span class='ocrx_word' id='word_1_97' title='bbox 100 2547 191 2612; x_wconf 89' lang='lat' dir='ltr'>Nam</span> <span class='ocrx_word' id='word_1_98' title='bbox 211 2564 251 2610; x_wconf 91' lang='lat' dir='ltr'>ne</span> <span class='ocrx_word' id='word_1_99' title='bbox 270 2545 340 2628; x_wconf 89' lang='lat' dir='ltr'>quis</span> <span class='ocrx_word' id='word_1_100' title='bbox 361 2545 413 2611; x_wconf 86' lang='lat' dir='ltr'>hie</span> <span class='ocrx_word' id='word_1_101' title='bbox 426 2553 515 2631; x_wconf 88' lang='lat' dir='ltr'>putet</span> <span class='ocrx_word' id='word_1_102' title='bbox 529 2545 810 2630; x_wconf 78' lang='lat' dir='ltr'>interpunctionem</span> <span class='ocrx_word' id='word_1_103' title='bbox 831 2567 918 2627; x_wconf 88' lang='lat' dir='ltr'>eam,</span> <span class='ocrx_word' id='word_1_104' title='bbox 941 2567 1023 2630; x_wconf 88' lang='lat' dir='ltr'>quae</span> <span class='ocrx_word' id='word_1_105' title='bbox 1036 2555 1111 2612; x_wconf 88' lang='lat' dir='ltr'>ante</span> <span class='ocrx_word' id='word_1_106' title='bbox 1126 2554 1188 2611; x_wconf 87' lang='lat' dir='ltr'>ter-</span> 
     </span>
     <span class='ocr_line' id='line_1_17' title="bbox 99 2652 1188 2735; baseline -0.001 -16"><span class='ocrx_word' id='word_1_107' title='bbox 99 2655 182 2719; x_wconf 85' lang='lat' dir='ltr'>tiam</span> <span class='ocrx_word' id='word_1_108' title='bbox 197 2652 283 2718; x_wconf 87' lang='lat' dir='ltr'>arsin</span> <span class='ocrx_word' id='word_1_109' title='bbox 297 2659 361 2731; x_wconf 86' lang='lat' dir='ltr'>est,</span> <span class='ocrx_word' id='word_1_110' title='bbox 385 2652 506 2735; x_wconf 88' lang='lat' dir='ltr'>aliquid</span> <span class='ocrx_word' id='word_1_111' title='bbox 527 2654 570 2718; x_wconf 90' lang='lat' dir='ltr'>ad</span> <span class='ocrx_word' id='word_1_112' title='bbox 584 2673 650 2719; x_wconf 87' lang='lat' dir='ltr'>rem</span> <span class='ocrx_word' id='word_1_113' title='bbox 666 2655 781 2734; x_wconf 85' lang='lat' dir='ltr'>faeere,</span> <span class='ocrx_word' id='word_1_114' title='bbox 799 2655 905 2721; x_wconf 78' lang='lat' dir='ltr'>licebit</span> <span class='ocrx_word' id='word_1_115' title='bbox 919 2673 1044 2720; x_wconf 88' lang='lat' dir='ltr'>versum</span> <span class='ocrx_word' id='word_1_116' title='bbox 1059 2654 1104 2720; x_wconf 88' lang='lat' dir='ltr'>ita</span> <span class='ocrx_word' id='word_1_117' title='bbox 1119 2672 1188 2718; x_wconf 91' lang='lat' dir='ltr'>nm-</span> 
     </span>
     <span class='ocr_line' id='line_1_18' title="bbox 98 2761 661 2840; baseline -0.002 -13"><span class='ocrx_word' id='word_1_118' title='bbox 98 2769 184 2840; x_wconf 85' lang='lat' dir='ltr'>tare,</span> <span class='ocrx_word' id='word_1_119' title='bbox 202 2761 340 2826; x_wconf 88' lang='lat' dir='ltr'>numeris</span> <span class='ocrx_word' id='word_1_120' title='bbox 355 2780 418 2826; x_wconf 90' lang='lat' dir='ltr'>non</span> <span class='ocrx_word' id='word_1_121' title='bbox 433 2761 537 2826; x_wconf 89' lang='lat' dir='ltr'>minus</span> <span class='ocrx_word' id='word_1_122' title='bbox 552 2762 661 2827; x_wconf 85' lang='lat' dir='ltr'>rectis:</span> 
     </span>
    </p>
   </div>
   <div class='ocr_carea' id='block_1_10' title="bbox 192 2926 1062 3022">
    <p class='ocr_par' dir='ltr' id='par_1_10' title="bbox 192 2926 1062 3022">
     <span class='ocr_line' id='line_1_19' title="bbox 192 2926 1062 3022; baseline 0.003 -26"><span class='ocrx_word' id='word_1_123' title='bbox 192 2927 300 3016; x_wconf 77' lang='grc' dir='ltr'><strong><em>ὥςπερ</em></strong></span> <span class='ocrx_word' id='word_1_124' title='bbox 323 2929 540 3017; x_wconf 80' lang='grc' dir='ltr'><em>Μεγακλέους</em></span> <span class='ocrx_word' id='word_1_125' title='bbox 563 2926 686 3010; x_wconf 74' lang='grc' dir='ltr'><strong><em>ξυστίδ’</em></strong></span> <span class='ocrx_word' id='word_1_126' title='bbox 710 2927 808 3014; x_wconf 74' lang='grc' dir='ltr'><strong><em>ἔχων·</em></strong></span> <span class='ocrx_word' id='word_1_127' title='bbox 832 2930 894 3019; x_wconf 76' lang='grc' dir='ltr'>ἐγώ</span> <span class='ocrx_word' id='word_1_128' title='bbox 918 2927 946 2998; x_wconf 75' lang='grc' dir='ltr'>δ’</span> <span class='ocrx_word' id='word_1_129' title='bbox 971 2929 1062 3022; x_wconf 72' lang='grc' dir='ltr'><strong><em>ἔφην.</em></strong></span> 
     </span>
    </p>
   </div>
   <div class='ocr_carea' id='block_1_11' title="bbox 97 3121 1186 3314">
    <p class='ocr_par' dir='ltr' id='par_1_11' title="bbox 97 3121 1186 3314">
     <span class='ocr_line' id='line_1_20' title="bbox 97 3121 1186 3208; baseline 0.001 -21"><span class='ocrx_word' id='word_1_130' title='bbox 97 3123 146 3188; x_wconf 89' lang='lat' dir='ltr'>At</span> <span class='ocrx_word' id='word_1_131' title='bbox 167 3121 221 3186; x_wconf 92' lang='lat' dir='ltr'>ubi</span> <span class='ocrx_word' id='word_1_132' title='bbox 242 3122 354 3199; x_wconf 88' lang='lat' dir='ltr'>verba,</span> <span class='ocrx_word' id='word_1_133' title='bbox 383 3121 554 3206; x_wconf 87' lang='lat' dir='ltr'>inquibus</span> <span class='ocrx_word' id='word_1_134' title='bbox 580 3130 772 3207; x_wconf 83' lang='lat' dir='ltr'>anapaestus</span> <span class='ocrx_word' id='word_1_135' title='bbox 798 3131 862 3203; x_wconf 87' lang='lat' dir='ltr'>est,</span> <span class='ocrx_word' id='word_1_136' title='bbox 892 3143 986 3190; x_wconf 85' lang='lat' dir='ltr'>sensu</span> <span class='ocrx_word' id='word_1_137' title='bbox 1012 3124 1186 3208; x_wconf 77' lang='lat' dir='ltr'>disiungas,</span> 
     </span>
     <span class='ocr_line' id='line_1_21' title="bbox 98 3227 834 3314; baseline -0.001 -17"><span class='ocrx_word' id='word_1_138' title='bbox 98 3229 211 3297; x_wconf 84' lang='lat' dir='ltr'>statim</span> <span class='ocrx_word' id='word_1_139' title='bbox 226 3227 459 3295; x_wconf 84' lang='lat' dir='ltr'>animadvertas</span> <span class='ocrx_word' id='word_1_140' title='bbox 474 3248 638 3296; x_wconf 88' lang='lat' dir='ltr'>numemm</span> <span class='ocrx_word' id='word_1_141' title='bbox 652 3229 834 3314; x_wconf 82' lang='lat' dir='ltr'>depravari:</span> 
     </span>
    </p>
   </div>
   <div class='ocr_carea' id='block_1_12' title="bbox 99 3562 866 4034">
    <p class='ocr_par' dir='ltr' id='par_1_12' title="bbox 99 3562 866 4034">
     <span class='ocr_line' id='line_1_22' title="bbox 99 3562 631 3676; baseline 0.006 -22"><span class='ocrx_word' id='word_1_142' title='bbox 99 3588 198 3668; x_wconf 76' lang='lat' dir='ltr'>nuos</span> <span class='ocrx_word' id='word_1_143' title='bbox 211 3589 246 3654; x_wconf 81' lang='lat' dir='ltr'>n</span> <span class='ocrx_word' id='word_1_144' title='bbox 259 3590 393 3675; x_wconf 75' lang='lat' dir='ltr'>nyma.</span> <span class='ocrx_word' id='word_1_145' title='bbox 413 3593 487 3656; x_wconf 81' lang='lat' dir='ltr'>sss.</span> <span class='ocrx_word' id='word_1_146' title='bbox 505 3562 631 3676; x_wconf 61' lang='lat' dir='ltr'>lagine,</span> 
     </span>
     <span class='ocr_line' id='line_1_23' title="bbox 193 3752 866 3852; baseline 0.001 -26"><span class='ocrx_word' id='word_1_147' title='bbox 193 3754 307 3849; x_wconf 70' lang='grc' dir='ltr'><em>ἔγωγε·</em></span> <span class='ocrx_word' id='word_1_148' title='bbox 328 3752 444 3827; x_wconf 80' lang='grc' dir='ltr'><strong><em>κίίστιν</em></strong></span> <span class='ocrx_word' id='word_1_149' title='bbox 466 3754 569 3844; x_wconf 77' lang='grc' dir='ltr'><strong><em>ὃνίμός</em></strong></span> <span class='ocrx_word' id='word_1_150' title='bbox 591 3755 670 3851; x_wconf 78' lang='grc' dir='ltr'><strong><em>ἀνὴρ</em></strong></span> <span class='ocrx_word' id='word_1_151' title='bbox 692 3759 866 3852; x_wconf 82' lang='grc' dir='ltr'><strong><em>Κινησίας,</em></strong></span> 
     </span>
     <span class='ocr_line' id='line_1_24' title="bbox 99 3947 622 4034; baseline 0.008 -19"><span class='ocrx_word' id='word_1_152' title='bbox 99 3949 151 4016; x_wconf 88' lang='lat' dir='ltr'>sie</span> <span class='ocrx_word' id='word_1_153' title='bbox 166 3947 289 4015; x_wconf 87' lang='lat' dir='ltr'>videtur</span> <span class='ocrx_word' id='word_1_154' title='bbox 303 3950 521 4034; x_wconf 74' lang='lat' dir='ltr'>corrigendum</span> <span class='ocrx_word' id='word_1_155' title='bbox 536 3971 622 4018; x_wconf 88' lang='lat' dir='ltr'>esse:</span> 
     </span>
    </p>
   </div>
   <div class='ocr_carea' id='block_1_13' title="bbox 194 4113 914 4214">
    <p class='ocr_par' dir='ltr' id='par_1_13' title="bbox 194 4113 914 4214">
     <span class='ocr_line' id='line_1_25' title="bbox 194 4113 914 4214; baseline 0.008 -30"><span class='ocrx_word' id='word_1_156' title='bbox 194 4114 311 4207; x_wconf 72' lang='grc' dir='ltr'><em>ἔγωγε·</em></span> <span class='ocrx_word' id='word_1_157' title='bbox 335 4113 436 4188; x_wconf 71' lang='grc' dir='ltr'>κᾶσθ’</span> <span class='ocrx_word' id='word_1_158' title='bbox 459 4115 562 4205; x_wconf 81' lang='grc' dir='ltr'><strong><em>ὁιίμός</em></strong></span> <span class='ocrx_word' id='word_1_159' title='bbox 585 4117 612 4211; x_wconf 83' lang='lat' dir='ltr'>y&#39;</span> <span class='ocrx_word' id='word_1_160' title='bbox 636 4117 714 4212; x_wconf 72' lang='grc' dir='ltr'>ἀνὴρ</span> <span class='ocrx_word' id='word_1_161' title='bbox 741 4119 914 4214; x_wconf 79' lang='grc' dir='ltr'><strong><em>Κινησίας.</em></strong></span> 
     </span>
    </p>
   </div>
   <div class='ocr_carea' id='block_1_14' title="bbox 0 0 1409 4912">
    <p class='ocr_par' dir='ltr' id='par_1_14' title="bbox 0 0 1409 4912">
     <span class='ocr_line' id='line_1_26' title="bbox 0 0 1409 4912; baseline 0 0"><span class='ocrx_word' id='word_1_162' title='bbox 0 0 1409 4912; x_wconf 95' lang='lat' dir='ltr'> </span> 
     </span>
    </p>
   </div>
  </div>
 </body>
</html>
