2804 4912
440 121 477 161 nn
493 119 684 164 mnrlusrno
699 119 849 163 moerico.
1128 102 1187 164 113

188 265 306 349 5335.
332 272 399 334 Non
409 274 469 334 nisi
484 275 616 355 nominis
630 275 746 356 proprii
756 275 934 355 necessitas,
950 283 981 337 et
995 274 1088 337 huius
1104 293 1188 355 quo-

136 390 167 434 ue
189 376 365 456 compositi,
395 394 543 439 excusare
569 379 790 459 neglectionem
812 397 956 441 caesurae
979 386 1089 458 potest.
1129 378 1188 440 Vix

136 475 187 540 iud
202 477 294 540 hodie
309 489 411 542 exstat
425 482 613 562 exemplum,
633 500 727 562 quam
743 483 919 545 Callimachi
935 482 970 544 ir.
990 483 1061 543 192.

189 589 264 683 ἱερὰ
287 599 343 663 νῦν
365 594 404 664 δὲ
423 594 670 685 Διοςκουρίδεω
692 594 793 696 yevorj.

136 719 195 781 isio
209 738 312 802 neque
327 722 413 804 apud
428 725 559 786 Graecos
574 741 677 804 neque
692 724 776 806 apud
788 725 910 787 Latinos
926 723 1014 786 obest
1027 741 1182 786 caesurae.

136 821 250 904 eleager
265 826 328 886 Xll.
352 829 378 888 l.

186 935 244 1006 τὸν
265 937 507 1031 τριπάνουργον
524 936 640 1032 Ἔρωτ’
665 939 809 1010 ἔπλασεν
831 943 865 1011 ἐν
884 941 1018 1035 κραδίᾳ.

136 1064 212 1126 dull.
232 1067 359 1128 LXVIII.
380 1067 430 1129 82.

187 1205 277 1268 quom
293 1189 415 1251 veniens
430 1208 494 1250 una
508 1195 597 1269 atque
613 1187 711 1250 altero
725 1207 836 1252 rursus
851 1188 952 1252 hiems.

136 1302 171 1367 le
187 1307 302 1370 ibidem
318 1328 348 1370 v.
369 1312 419 1371 90.
439 1317 470 1371 et
485 1309 600 1371 LXXV.
621 1312 650 1371 8.
671 1311 732 1375 XC.
753 1311 783 1370 l.

187 1513 300 1596 9336.
335 1515 470 1597 Spondei
491 1517 523 1577 iu
542 1517 657 1597 prima,
685 1535 745 1578 non
764 1517 796 1577 in
812 1514 949 1578 secunda
963 1526 1050 1598 parte
1065 1518 1184 1580 admit-

136 1624 216 1697 ntur,
235 1620 308 1698 quia
324 1620 417 1680 linem
432 1622 554 1681 numeri
568 1619 758 1682 commodius
774 1629 804 1681 et
819 1619 938 1682 facilius
953 1619 1105 1701 incedere,
1120 1640 1183 1684 non

136 1721 204 1796 geri
218 1731 302 1784 tanto
316 1722 452 1802 pondere
467 1725 619 1785 convenit.

186 1926 300 2009 5337.
327 1931 484 2011 inelegans
499 1949 610 1994 versus
625 1939 673 1992 est
687 1931 821 2012 singulos
836 1929 934 2013 pedes
949 1931 1077 2012 singulis
1092 1933 1182 1994 voci-

136 2034 408 2132 tucomprehensos
423 2034 551 2096 habens.
579 2035 711 2115 Theogn.
734 2036 805 2096 tta.
833 2035 943 2098 Catuli.
962 2037 1090 2097 LXXVI.
1111 2039 1141 2098 8.

187 2147 299 2230 οὕτως,
326 2147 436 2237 ὥςπερ
458 2156 525 2236 νῦν,
552 2144 686 2229 οὐδενὸς
707 2143 802 2232 ἄξιος
823 2143 863 2218 εἶ.

186 2283 239 2338 oct
252 2275 367 2356 facere,
387 2276 461 2338 iaec
475 2296 495 2337 a
512 2285 537 2338 tc
554 2275 691 2357 dictoque
706 2275 849 2357 factaque
864 2284 946 2340 sunt.

163 2470 297 2563 s3338.
335 2482 433 2546 Prima
453 2501 525 2565 pars
546 2501 657 2546 versus
679 2483 843 2563 elegantior
864 2491 912 2544 est
937 2481 1059 2560 dactyle
1080 2499 1179 2561 spon-

136 2600 202 2666 111111,
220 2605 314 2668 quam
331 2586 468 2666 spondeo
482 2585 640 2667 dactylum
655 2585 868 2666 praecedente,

182 2709 240 2770 viic
255 2710 398 2770 Priamus
414 2709 491 2770 tacti
505 2713 621 2790 totoque
639 2708 728 2768 Troia
742 2705 812 2786 fuit.
929 2740 934 2752 ·

181 2828 230 2872 res
245 2818 289 2872 est
301 2811 419 2874 solliciti
430 2811 523 2892 plena
539 2812 653 2874 timoris
668 2829 765 2872 amor.

179 3014 204 3099 ξ
218 3013 296 3082 339.
329 3019 457 3079 Romani
478 3016 536 3080 hoc
555 3019 588 3080 in
608 3036 699 3079 versu
714 3014 861 3096 elegantia
877 3024 1063 3096 superarunt
1078 3015 1178 3079 Grae-

136 3138 158 3200 t,
188 3121 323 3182 maximo
345 3121 487 3200 vocibus,
516 3122 549 3183 in
568 3121 736 3201 posteriorc
758 3119 953 3199 potissimum
975 3128 1078 3199 parte,
1108 3128 1178 3199 apte

136 3224 265 3307 positis,
291 3227 379 3287 cuius
402 3226 446 3287 rei
467 3226 543 3286 haec
558 3242 667 3285 caussa
682 3233 743 3304 est,
770 3221 854 3303 quod
868 3223 975 3284 Latina
990 3222 1094 3303 lingua
1116 3241 1177 3284 neu

136 3335 186 3389 oet
211 3327 361 3390 vocabula
388 3319 535 3404 ὀξύτονα.
569 3327 716 3388 Omnium
742 3327 867 3387 minime
892 3325 1042 3406 probatur
1066 3344 1177 3388 versus

136 3429 253 3512 tyllabo
268 3432 418 3494 vocabulo
434 3432 556 3492 linitus:
581 3429 691 3493 Catull.
712 3430 838 3492 LXVIII.
858 3432 909 3490 98.

175 3569 232 3613 nec
243 3570 338 3633 prope
353 3560 490 3634 cognatos
506 3551 696 3631 compositum
712 3551 836 3612 cineres.

136 3675 211 3751 lior,
238 3670 374 3733 sednon
397 3673 531 3753 optimus
553 3670 698 3750 habetur,
725 3671 778 3750 qui
797 3669 946 3731 vocabulo
967 3678 1113 3748 quattuor
1127 3668 1175 3731 vel

136 3781 231 3858 inque
246 3774 436 3855 syllabarum
451 3774 642 3836 terminatur.
668 3772 786 3835 lbidem
803 3792 832 3835 v.
854 3773 904 3834 t8.
925 3777 975 3834 66.

176 3914 257 3979 quae
272 3896 387 3957 ducem
403 3896 485 3973 cogis
501 3897 603 3958 mt'scet
617 3895 798 3956 amarition.

177 4000 237 4061 talc
253 3996 314 4079 fuit
328 3998 412 4061 nobis
427 3998 560 4060 Manlius
575 3998 740 4060 cuoeilium.

136 4116 267 4164 Hermauni
276 4116 375 4167 Epltcme
386 4115 577 4203 cucufatum.
