2804 4912
262 333 299 375 nn
316 331 506 375 anconem
522 331 555 375 m
572 332 688 375 nuum
705 333 755 375 svs
772 333 1005 376 nisrnmrrromr.
1118 315 1181 378 225

135 484 301 561 itritorum;
335 483 419 564 quod
446 485 510 545 lieri
536 484 622 546 nullo
648 483 739 546 modo
761 495 870 566 potest.
912 486 979 559 Nou
1003 490 1084 547 enim
1107 487 1176 565 alia,

136 605 190 646 ,am
203 587 310 649 ultima
326 585 468 650 vocabuli
483 587 602 667 syllaba
618 605 731 667 anceps
746 591 902 650 numerari
923 597 1039 669 potest,
1065 588 1097 650 id
1118 599 1176 669 εει,

138 697 244 752 natura
259 691 308 752 vel
323 691 474 771 positione
489 691 577 770 longa
593 700 649 769 est,
677 691 730 753 uhi
747 700 879 772 metrum
895 691 1021 753 brevem
1037 693 1175 772 requirit,

136 794 215 869 evis;
240 795 289 854 sin
309 794 414 855 brevis
435 801 545 855 natura
568 803 630 871 est,
657 794 711 855 ubi
732 795 852 875 longam
875 803 1007 856 metrum
1029 796 1175 875 postulat,

136 911 194 974 nge.
226 895 343 958 Eadem
358 897 436 958 ratio
451 905 499 958 est
513 896 661 977 syllabae,
688 915 768 976 quae
784 896 884 958 finalis
899 897 1025 977 quidem
1042 907 1098 979 est,
1123 898 1179 960 sed

150 997 304 1078 vocabulo,
329 997 499 1080 quodcum
516 1010 664 1080 sequente
680 1019 753 1060 voce
768 1003 809 1061 ita
826 1000 980 1079 cohaeret,
1005 1011 1125 1064 uicum
1142 1022 1176 1064 ea

136 1117 175 1161 me
192 1121 285 1164 unam
302 1121 409 1164 vocem
425 1103 545 1164 efficiat.
578 1103 621 1164 lta
644 1122 734 1164 nemo
755 1121 816 1164 non
832 1102 931 1181 videt,
959 1105 1037 1165 male
1054 1105 1176 1166 turbata

136 1211 176 1264 sta
204 1208 450 1285 pronuntiatione
476 1205 560 1287 apud
586 1206 821 1285 Aristophanem
850 1205 930 1268 Nub.
961 1208 1052 1268 tale.
1085 1208 1177 1287 vulgo

136 1320 171 1380 p.

179 1419 249 1491 ἀλλ’
273 1421 348 1493 ἔσθ’
371 1423 437 1514 ὅτῳ
461 1423 682 1512 θρασύνεται·
711 1423 811 1513 δῆλόν
831 1450 868 1513 γε
890 1425 928 1493 τὸ

219 1523 296 1616 λῆμ’
320 1524 391 1596 ἐστὶ
412 1523 625 1616 τάνθρώπου.

136 1655 238 1714 renim
260 1648 299 1715 τὸ
321 1663 356 1715 ut
373 1655 458 1734 longa
475 1653 592 1732 syllaba
608 1653 888 1734 pronuntiandum,
915 1664 946 1716 et
960 1673 1056 1733 pausa
1078 1676 1094 1717 a
1114 1676 1176 1717 no-

136 1766 174 1814 ue
189 1752 292 1841 λῆμα,
316 1775 450 1837 quocum
467 1777 546 1839 pene
562 1759 655 1819 unius
671 1759 753 1819 vocis
769 1760 865 1820 instar
880 1767 942 1836 est,
965 1758 1175 1821 divellendum

136 1867 182 1920 tet.

176 2047 296 2129 5611.
332 2050 442 2112 Omnia
462 2052 488 2110 si
511 2052 617 2130 paucis
641 2051 944 2130 comprehendimus,
976 2054 1007 2111 in
1030 2033 1174 2114 versibus

143 2163 165 2209 n
195 2155 312 2214 nexis
339 2163 369 2214 ει
398 2156 636 2233 seminexis,
670 2155 735 2215 sive
765 2155 1035 2234 asynartetis,
1068 2156 1174 2235 regula

136 2266 166 2313 cc
181 2266 236 2337 est,
262 2274 489 2318 mensuram
510 2259 727 2336 ancipitem
749 2259 788 2318 in
809 2256 892 2318 fine
911 2257 1099 2320 vocabuli
1120 2260 1175 2319 in-

136 2353 202 2420 tium
219 2360 296 2421 liniti
311 2363 433 2422 numeri
448 2378 516 2421 esse
532 2361 563 2420 in
583 2363 664 2421 arsi
685 2363 977 2442 cuiuscumque
998 2364 1171 2440 numeri,

153 2463 257 2524 thesi
276 2473 379 2525 autem
396 2483 432 2524 ea
448 2472 583 2544 tantum,
609 2481 689 2543 quae
704 2473 752 2525 est
767 2484 806 2524 ex
829 2465 1019 2545 pluribus
1040 2465 1175 2547 sylla-

142 2581 156 2623 s
175 2567 222 2628 vel
247 2567 511 2647 temporibus.

175 2689 303 2751 locedio
317 2685 423 2768 yirrcrc
439 2723 456 2734 -
473 2689 560 2752 silvis
575 2691 715 2752 bonorem
731 2687 850 2767 decutit,

176 2793 278 2854 iecore
293 2791 369 2854 diris
382 2800 505 2873 pectora
520 2827 539 2838 -
556 2791 810 2855 sollicitudinibus.

174 2907 232 2975 καὶ
252 2905 380 2998 βήσσας
401 2902 503 2997 ὀρέων
525 2905 781 2987 δυςπαιπάλευς
795 2945 813 2956 -
831 2895 905 2985 οἷος
924 2898 963 2997 ἦν
985 2901 1038 2996 ἐφ’
1061 2903 1151 2996 ἥβης.

135 3052 165 3092 m
181 3034 213 3094 in
229 3018 328 3095 media
345 3053 418 3095 voce
433 3032 587 3096 servanda
604 3042 651 3094 est
665 3035 744 3094 iusta
761 3049 924 3094 mensura:

173 3156 239 3214 τῶν
262 3147 454 3240 ἐχορήγησεν
476 3147 594 3216 κύκλον
614 3145 694 3235 padi
708 3187 725 3198 ·
740 3173 837 3237 γηρυν
854 3143 1057 3223 Ἱππόνικος.

136 3292 275 3355 mporum
297 3276 434 3356 plurium
456 3276 577 3337 theseos
600 3274 740 3354 exempla
764 3275 890 3335 suntin
913 3273 1042 3352 epitritis
1061 3272 1168 3350 Doriis,

148 3377 264 3458 quihus
287 3379 402 3441 dictum
429 3377 534 3461 §aaa
572 3378 611 3439 Et
636 3379 666 3437 in
689 3378 797 3438 ionicis
820 3396 837 3437 a
865 3378 998 3455 minore,
1027 3383 1063 3436 ut
1088 3372 1173 3453 apud

136 3483 241 3563 istoph.
262 3484 352 3564 Vesp.
375 3482 447 3544 280.

173 3597 257 3682 τάχα
280 3594 311 3665 δ’
334 3593 375 3666 dv
398 3595 455 3665 διὰ
477 3594 535 3663 τὸν
557 3592 707 3687 χθίζινον
729 3587 863 3685 ἅνθρω-

172 3725 249 3785 nor,
272 3696 311 3780 ὃς
331 3699 420 3791 ἡμᾶς
441 3693 593 3767 διεδύετ’.

171 3895 196 3976 ὅ
209 3893 288 3960 612.
314 3895 504 3977 Excipienda
521 3902 568 3955 est
582 3894 659 3954 arsis
674 3894 795 3954 numeri
811 3891 962 3970 dactylici,
977 3910 1058 3971 quae
1073 3910 1171 3972 quum

139 3999 327 4080 quibusdam
348 4000 490 4062 versibus
513 4006 620 4077 suapte
636 3998 668 4057 vi
690 3993 840 4075 producat
860 3995 987 4057 brevem
1004 3995 1166 4075 syllabam,

136 4103 245 4165 ductio
261 4101 437 4164 huiusmodi
452 4122 514 4163 non
530 4110 577 4163 est
592 4115 716 4178 versuS,
744 4097 801 4159 sed
816 4098 947 4160 membri
963 4119 998 4160 ec
1014 4098 1078 4160 loco
1094 4098 1171 4159 finiti

136 4208 245 4268 hcium.

136 4325 255 4366 Hermanni
264 4324 364 4375 Epitome
375 4324 443 4364 doctr.
454 4322 566 4364 metricae.
931 4319 963 4372 15
1059 4324 1064 4333 “
