2804 4912
156 264 217 325 tto
554 282 609 325 crs.
630 285 662 324 rr.
689 284 751 325 cir.
771 284 834 325 xxv.

154 439 254 516 Saepe
268 452 304 497 aa
319 435 404 515 apud
419 436 521 514 epicos
536 437 572 498 fit
586 446 696 516 quarto
711 435 792 516 pede
807 435 954 515 spondeo,
979 437 1020 498 ita
1036 440 1072 498 ut
1085 437 1204 499 veteram
1277 415 1280 490 Ι

152 559 188 600 eo
211 539 275 601 looo
298 541 389 600 etiam
413 539 590 601 trochaeum
613 538 779 619 aliquando
802 538 992 601 admiserint.
1032 539 1116 602 lliad.
1132 534 1226 602 ttae
1266 544 1279 569 ’4

152 643 232 705 Eun.
252 640 331 704 Ann.
352 644 374 703 l.
1268 659 1269 666 1

238 764 278 848 τῇ
301 753 330 825 δ’
353 754 413 824 tin
434 756 495 841 μὲν
517 756 632 846 Γοργώ
653 758 869 844 βλοσυρῶπις
891 755 1111 849 ἐστεφάνωτο.

152 1021 228 1084 Vide
244 1040 339 1102 supra
353 1020 390 1105 §§
408 1020 458 1081 7l.
480 1023 529 1082 83.
562 1021 656 1084 Multo
670 1023 770 1084 rarius
786 1023 893 1084 Gracci
909 1040 1004 1102 quam
1020 1022 1117 1085 Latini
1129 1031 1207 1106 poetae
1277 950 1280 1090 l

152 1134 323 1207 posuerunt
337 1124 523 1187 vocabulum
539 1125 633 1187 trium
648 1122 807 1204 longarum
824 1124 1016 1206 syllabarum
1039 1125 1121 1207 quod
1135 1133 1208 1208 quat-
1278 1172 1280 1209 ,

152 1240 218 1291 tum
241 1227 353 1309 pedem
376 1229 568 1307 terminaret,
595 1237 632 1291 ut
652 1228 738 1289 Iliad.
767 1249 798 1289 α.
819 1230 867 1290 ll.
893 1231 926 1309 β.
948 1229 1019 1291 522.
1047 1225 1075 1307 l.
1092 1231 1139 1290 82.
1155 1222 1206 1288 823.

151 1352 186 1413 μ.
204 1334 277 1394 316.
296 1353 326 1397 v.
346 1333 419 1393 ala,
446 1330 558 1420 Odyss.
577 1351 611 1410 μ.
629 1331 702 1392 267.
723 1351 758 1416 φ.
778 1335 827 1394 t5.
886 1377 896 1396 .
1265 1375 1280 1414 ,p

239 903 334 963 coortis
350 921 427 963 cotra
442 902 527 979 uiris,
547 908 615 963 uter
630 909 705 963 esset
719 901 927 982 eudopeautor.

237 1573 262 1654 ἦ
276 1570 353 1638 318.
388 1575 520 1636 l'ertia
541 1571 707 1653 decima,
733 1575 766 1636 in
780 1577 889 1654 quinta
904 1577 977 1654 arsi,
997 1592 1076 1637 rara.
1105 1574 1145 1637 lla
1156 1588 1211 1635 caus

154 1679 289 1740 Ennius:
1189 1688 1192 1693 '

238 1816 309 1860 nom
324 1817 370 1860 me
385 1799 470 1860 visus
485 1799 569 1859 horno
580 1798 688 1878 pulcer
699 1817 758 1879 per
772 1816 899 1860 amoeno
912 1800 1024 1861 saluto

239 1909 268 1964 et
281 1902 367 1982 ripas
383 1908 520 1981 reptare,
540 1901 673 1982 locosque
688 1919 797 1963 novos:
812 1935 832 1946 -
849 1903 892 1963 ita
907 1901 972 1963 sole

237 2011 304 2084 post
318 2003 385 2080 illo,
403 2023 552 2085 permoto
567 2023 663 2082 soror,
686 2023 793 2065 errare
807 2003 944 2080 videbun

240 2107 389 2188 tardoque
404 2108 554 2188 cestipore
570 2114 599 2168 et
613 2125 762 2189 quaerere
778 2114 814 2184 te,
834 2141 855 2150 -
870 2104 964 2190 aeque
977 2128 1066 2189 posse

240 2210 325 2272 eorde
341 2226 496 2290 capessere
508 2230 514 2269 :
527 2210 638 2272 semita
651 2209 736 2271 nullo
750 2208 854 2289 pedem
870 2209 1032 2274 stabilibet.

238 2429 355 2514 3319.
389 2434 535 2507 Quinta
559 2433 729 2512 decima,
756 2435 787 2493 in
803 2434 863 2494 linc
880 2435 979 2514 quinti
994 2434 1095 2516 pedis,
1123 2439 1218 2516 impu

154 2538 226 2600 bata
241 2536 447 2618 grammaticis
462 2537 604 2597 Graccis:
623 2555 652 2596 v.
674 2536 774 2598 Schol.
795 2537 876 2598 Harl.
896 2536 937 2599 ad
952 2532 1040 2599 Hom.
1056 2539 1116 2601 0d.
1133 2540 1164 2621 β.
1181 2528 1217 2596 il·
1256 2524 1260 2537 '

154 2641 309 2704 Bentleius
329 2637 369 2702 ad
391 2642 504 2703 Lucan.
524 2641 546 2701 l.
568 2638 639 2700 aar.
660 2639 836 2702 observavit
851 2641 989 2719 Latinos,
1016 2640 1072 2704 ubi
1095 2643 1152 2704 hac
1165 2654 1224 2703 cat‘

154 2765 225 2808 sura
248 2753 393 2823 utantur,
423 2742 486 2805 lere
509 2745 541 2804 in
563 2743 672 2805 ultimo
694 2742 774 2822 pede
797 2742 877 2805 (luas
900 2762 990 2806 voces
1014 2742 1228 2827 monosyllabas

153 2868 286 2931 ponere:
305 2856 341 2911 ut
355 2846 437 2927 Virg.
457 2846 521 2908 Eoi.
541 2848 602 2908 Vll.
624 2848 674 2909 35.

240 2987 320 3032 nuuc
337 2975 363 3030 te
378 2985 583 3030 marmoreum
596 2986 654 3048 pro
670 2973 799 3048 tempore
814 2963 958 3045 fecimus:
981 3004 994 3012 -
1013 2976 1045 3030 ot
1061 2975 1093 3030 te

128 3146 130 3151 .
154 3091 205 3152 Sic
218 3089 392 3169 Propertius
414 3088 448 3149 in
467 3089 500 3149 G.
520 3087 706 3148 Lachmanni
721 3085 770 3147 ed.
790 3089 812 3148 l.
834 3093 863 3167 9,
885 3090 934 3149 lli.
957 3091 1006 3165 li,
1027 3091 1056 3150 9.
1083 3088 1118 3150 ll.
1141 3088 1168 3168 l,
1186 3078 1254 3146 25:

154 3192 323 3270 111.ao,t.
346 3192 394 3252 l9.
423 3191 473 3270 ll,
496 3193 545 3251 t5.
573 3189 624 3270 28,
646 3188 695 3250 l7.
722 3188 771 3251 lV.
793 3192 821 3269 l,
843 3192 892 3252 3l.
922 3193 951 3270 3,
973 3194 1021 3252 lli.¹
1046 3192 1096 3270 ta,
1118 3194 1167 3254 33.
1185 3180 1249 3249 2³2

157 3298 168 3356 l
178 3299 206 3358 3.
241 3295 358 3357 Caussa
376 3294 451 3356 haec
467 3305 531 3372 est,
558 3292 641 3372 quod
658 3295 703 3354 sic
718 3293 846 3355 ultimus
861 3313 931 3373 pm,
958 3292 1073 3376 duplici
1089 3296 1150 3358 arsi
1164 3302 1258 3358 cou‘

154 3409 250 3478 stanS,
265 3399 384 3478 longius
400 3397 589 3478 producitur,
605 3415 703 3477 eoque
718 3398 845 3458 nimiam
862 3397 1070 3459 membrorum
1087 3398 1265 3480 inaequa‘

155 3505 271 3566 litatem
294 3500 520 3581 quodammodo
543 3510 729 3578 compensat.
771 3500 861 3573 Quod
883 3499 970 3562 addit
991 3501 1163 3580 flectimus,
1187 3484 1269 3565 ‹li‘

155 3605 307 3685 syllabam
328 3620 436 3666 vocem
458 3605 491 3664 in
514 3603 621 3664 ultimo
641 3601 721 3683 pede
736 3605 780 3664 sic
795 3604 884 3682 poni,
911 3605 937 3666 si
960 3612 1015 3665 aut
1032 3605 1099 3685 ipsa
1115 3592 1276 3687 ropetiffl

155 3711 205 3788 sit,
224 3718 279 3771 aut
294 3727 404 3770 sensus
420 3707 540 3785 saltem,
560 3707 615 3785 qui
629 3707 669 3767 sit
684 3707 715 3767 in
731 3725 777 3786 aa,
802 3714 957 3787 argutum,
980 3726 1042 3768 non
1058 3726 1168 3771 verum
1181 3689 1278 3769 οὐ*

155 3815 235 3894 Virg.
255 3811 334 3874 Aen.
356 3814 392 3872 Χ.
414 3812 485 3872 tat.

243 3934 389 4015 iopenlem
405 3931 496 3992 remia
514 3931 700 3992 Centaurum
713 3937 885 4010 promovet:
905 3965 924 3976 -
941 3932 992 3993 ille

155 4052 250 4136 apud
274 4052 463 4132 Propertium
491 4052 535 4115 sio
560 4053 595 4114 a.
618 4051 646 4131 4,
667 4051 717 4112 aa.
752 4050 799 4113 rrr.
822 4052 872 4130 ta,
892 4052 943 4112 aa.
977 4051 1012 4113 v.
1034 4053 1063 4133 4,
1083 4054 1113 4117 a.
1142 4052 1203 4135 aa
1233 4021 1280 4079 ‘⁴‘

158 4162 187 4236 s,
213 4159 267 4228 ta,
