2804 4912
156 264 197 324 40
420 294 423 301 ·
521 279 577 322 em.
599 281 631 321 11.
666 279 729 322 oar.
748 280 810 321 rrrr.
831 279 869 321 rx.

156 433 243 496 sibus
255 435 411 514 synizeses
424 454 471 510 ια,
485 453 547 510 ιαι,
561 451 619 510 tot,
634 451 674 492 ιω
686 431 727 493 ad
739 431 928 494 medendum
940 430 1148 514 adhibendae,
1163 450 1242 512 quas

156 537 280 600 admisit
295 539 329 598 H.
349 541 382 599 L.
401 535 520 598 Ahrens
535 535 576 597 ad
591 533 699 617 fragm.
719 539 770 597 36.

240 741 356 824 §124
382 743 491 822 Latini,
503 743 779 823 quihuncversum
791 742 1030 823 quadratum
1042 751 1083 804 et
1098 751 1243 824 septe-

154 869 198 910 na
208 850 308 910 rium
325 856 444 927 vocant,
463 845 667 909 solutionibus
683 854 813 908 utuntur
827 845 1030 907 creberrimis.
1057 843 1155 907 Iidem
1172 866 1243 908 om-

154 953 247 1014 nibus
262 953 345 1029 locis,
365 960 492 1031 excepta
504 951 611 1011 ultima
623 948 755 1029 dipodia‚
775 949 959 1030 spondeum,
974 959 1244 1030 anapaestumque

154 1056 330 1134 admittunt,
346 1073 408 1116 non
420 1073 489 1115 raro
500 1055 592 1114 etiam
603 1052 771 1133 dactylum,
786 1052 843 1114 sed
854 1054 906 1131 ita,
922 1062 957 1114 ut
969 1052 1000 1112 hi
1012 1052 1109 1133 pedes
1117 1063 1245 1136 propter

154 1160 325 1221 communis
335 1157 487 1219 *sermonis
499 1157 648 1225 incertam
657 1175 836 1218 mensuram
848 1175 909 1217 non
918 1155 1052 1218 multum
1063 1157 1244 1220 offensionis

154 1262 297 1324 habeant.

238 1467 262 1548 ξ
279 1465 354 1532 125.
381 1467 486 1530 Plauto
501 1467 532 1527 hi
547 1485 656 1529 versus
678 1469 845 1545 asynarteti
860 1475 950 1546 sunt,
976 1469 1030 1546 qui
1051 1467 1082 1527 in
1099 1485 1241 1549 caesura,

154 1593 247 1652 quam
263 1581 367 1633 tamen
388 1571 567 1651 saepissime
587 1571 745 1650 negligunt
759 1572 904 1651 Romani,
930 1572 1021 1632 etiam
1044 1571 1164 1633 hiatum
1180 1570 1244 1634 ad-

155 1678 290 1739 miserit:
309 1683 345 1737 ut
359 1677 391 1735 in
406 1672 517 1755 Amph.
537 1675 559 1734 l.
582 1675 610 1752 t,
623 1675 693 1735 tto.

240 1779 328 1842 credo
343 1798 396 1862 eqo
412 1779 468 1840 hcc
483 1775 572 1840 aoctti
586 1777 1010 1841 Nocturnum-obdormivisse
1025 1777 1154 1842 ebrium.

579 2128 691 2200 cof.
708 2130 818 2200 vm.

289 2285 348 2354 De
375 2282 609 2352 trochaico
636 2290 900 2353 tetrametro
928 2282 1098 2354 claudo.

237 2450 345 2533 §125
365 2452 655 2533 lambographorum
663 2453 805 2532 proprius
813 2462 860 2515 cst
875 2459 1111 2515 tetrameter
1123 2455 1245 2518 clau-

152 2558 306 2637 dicans,
326 2557 379 2637 qui
391 2564 552 2635 propterea
564 2558 608 2619 sic
620 2566 756 2635 vocatur,
771 2558 843 2636 quia
855 2576 927 2636 non,
944 2565 979 2619 ut
993 2559 1127 2619 usitatus
1139 2567 1244 2622 tetra-

153 2670 266 2740 meter,
285 2662 317 2722 in
332 2660 487 2739 iambum,
506 2658 561 2722 sed
577 2661 608 2720 in
624 2660 801 2722 trochaeum
817 2661 897 2722 exit:
920 2662 939 2722 i.
959 2681 986 2722 e.
1006 2662 1158 2742 posterior
1173 2665 1243 2726 eius

152 2783 224 2845 pars
240 2764 295 2824 hos
311 2763 434 2826 ordines
449 2763 558 2824 habet:

238 2866 309 2912 ,[υ..
322 2864 327 2951 Ι
340 2861 389 2911 ῦέ
401 2864 406 2951 1
420 2861 469 2912 ,¹0

236 2963 281 3055 μὴ
298 2961 447 3053 προτίμα
463 2960 543 3054 δῆτ’·
561 2963 619 3049 ἐμὲ
632 2962 756 3054 χρὴ·τῷ
771 2961 879 3053 σκότῳ
895 2963 1106 3051 δικάζεσθαι.

152 3077 186 3135 V.
206 3075 303 3136 Elem.
330 3073 421 3135 dm.
450 3091 481 3154 p.
495 3077 545 3135 89.
585 3076 719 3137 caesura
741 3084 788 3135 est
810 3073 935 3154 eadem,
962 3095 1042 3154 quae
1065 3077 1097 3135 in
1119 3079 1244 3158 vulgari

152 3185 337 3238 tetrametro.
361 3179 423 3238 Hoc
431 3186 528 3238 metro
543 3186 617 3240 sunt
631 3186 750 3257 septem
759 3175 986 3240 versusAnanii
1000 3178 1086 3258 apud
1095 3177 1244 3244 Athena-

152 3299 224 3341 eum
240 3281 299 3341 Vll.
320 3299 350 3359 p.
365 3281 437 3344 282.
458 3283 490 3342 B.

539 3490 847 3498 Μ

598 3632 708 3702 ΟΑΡ.
725 3634 796 3703 ῙΧ.

221 3784 278 3852 De
305 3783 551 3853 trochaicis
579 3787 856 3857 tetrametris
883 3787 1165 3857 acatalectis.

237 3950 261 4031 §
278 3949 352 4015 127.
380 3955 615 4015 Tetrametri
631 3956 849 4018 acatalecti
865 3956 1047 4035 Hephaestio
1058 3958 1241 4038 exemplum

152 4055 240 4116 affert
254 4074 294 4115 ex
308 4052 498 4118 Anacreonte
512 4078 518 4117 :

236 4150 341 4221 κλῦθί
353 4178 426 4239 μευ,
441 4152 594 4245 γέροντος
608 4152 764 4248 εὐέθειρα
777 4155 990 4249 χρυσόπεπὴ
1005 4156 1116 4248 κούρη,
