2804 4912
73 382 80 402 ,
152 315 214 375 222
547 333 604 374 nn.
624 333 668 375 m.
695 333 757 375 oar.
776 333 847 374 xvir.

235 487 341 568 βωμῷ
362 505 398 548 τε
419 478 566 568 μαντείῳ
589 480 713 565 ταμίας
733 479 820 558 Διδς
842 479 876 546 ἓν
897 476 994 569 Πίσᾳ
1010 480 1015 566 Ι
1032 488 1294 577 ουνοικιστεγγ

400 609 436 650 τε
464 589 525 650 τᾶν
547 585 678 650 κλεινάν
701 589 934 670 Συρακοσσᾶν,
963 579 1039 649 τίνα
1062 607 1116 648 κεν
1138 580 1283 671 τρόπον

816 683 927 770 ὕμνον.

237 788 296 857 συν
316 787 562 876 βαθυζώνοισιν
590 783 755 878 ἀγγέλλων
777 791 782 878 Ι
811 785 1033 878 Τελεσικράτη
1056 785 1270 874 Χαρίτεσσι

768 894 928 980 γεγωνεῖν.
1250 904 1253 911 ’

238 1102 352 1185 5600.
387 1106 604 1169 Concitatiores
628 1114 731 1165 autem
748 1105 906 1183 strophae,
932 1102 1134 1183 membraque
1148 1104 1266 1163 inae-

153 1210 255 1290 qualia
283 1209 451 1286 habentes,
486 1207 684 1270 multitudine
713 1207 856 1270 brevium
885 1206 1078 1286 syllabarum
1104 1206 1266 1284 insignes

153 1323 241 1391 sunt,
268 1331 475 1391 numerosque
491 1312 607 1373 habent
623 1312 670 1372 vel
688 1321 797 1372 natura
821 1311 870 1373 vel
887 1310 1094 1371 solutionibus
1109 1307 1267 1368 celerio-

152 1436 220 1494 res,
251 1425 374 1494 totaque
401 1417 617 1496 compositione
645 1414 857 1495 inaequabiles
883 1424 915 1473 et
940 1411 1075 1492 rapidos.
1115 1413 1187 1484 Quo
1230 1410 1266 1468 in

152 1538 262 1598 genere
283 1521 397 1599 primas
421 1529 547 1581 tenuere
569 1518 767 1597 dithyrambi.
805 1519 866 1578 Has
889 1517 1047 1596 strophaS,
1074 1514 1157 1596 quod
1176 1512 1267 1573 fere

152 1622 329 1683 Aeoliam
352 1623 541 1683 harmoniam
558 1622 750 1691 habuerunt,
776 1619 938 1683 Aeolias
960 1638 1119 1682 vocamus.
1151 1613 1265 1676 Pind.

152 1727 238 1803 Pyth.
259 1727 293 1786 ΙΙ.

239 1839 500 1929 Μεγαλοπόλιες
521 1832 548 1906 ὦ
568 1838 770 1928 Συρακόσαι,
792 1839 1035 1925 βαθυπολέμου

238 1942 374 2028 τέμενος
398 1944 522 2032 ίίρεος,
547 1939 587 2011 άν
606 1985 622 1995 -
647 1946 734 2031 δρῶν
757 1945 873 2010 ἳππων
894 1968 931 2009 τε
953 1944 1226 2031 σιδαροχαρμᾶν
1255 1974 1266 1983 -

591 2045 766 2132 δαιμόνιαι
788 2043 931 2137 τροφοί·
957 2047 959 2050 ⁴

239 2144 342 2234 άμμιν
363 2150 441 2218 τάδε
463 2156 523 2219 τάν
545 2152 695 2238 λιπαρᾶν
716 2146 787 2216 άπὸ
811 2153 861 2239 Θνγ
877 2155 973 2235 -βάν
996 2147 1108 2239 φέρων

238 2253 341 2337 μέλος
362 2251 501 2343 ἔρχομαι
524 2249 680 2342 ἀγγελίαν
701 2249 898 2341 τετραορίας
919 2253 1140 2336 ἐλελίχθονος,

241 2352 429 2444 εὐάρματος
450 2355 562 2447 Ἱέρων
585 2356 618 2423 ἐν
641 2347 664 2447 ᾇ
685 2355 830 2444 κρατέων

240 2459 434 2549 τηλαυγέσιν
457 2456 614 2549 ἀνέδησεν
634 2455 805 2549 Ὀρτυγίαν
827 2456 1017 2548 στεφάνοις,

242 2568 413 2648 ποταμίας
435 2563 512 2643 έδος
535 2561 736 2651 Ἀρτέμιδος,
760 2554 802 2642 άς
815 2603 832 2613 -
848 2557 910 2628 οάκ
932 2555 1011 2651 άτερ
1070 2648 1076 2654 .

242 2664 352 2746 κείνας
379 2663 555 2756 ἀγαναῖσιν
588 2665 622 2734 ἐν
644 2665 774 2756 -χερσί
807 2662 1043 2744 ποικιλανίους
1075 2660 1231 2751 ἐδάμασσε

787 2767 932 2849 πώλους.

242 2982 265 3064 ᾗ
285 2980 363 3047 601.
402 2983 518 3046 Μαιλίου
542 2985 624 3044 inter
649 2982 704 3044 has
731 2990 805 3043 sunt
830 3001 883 3042 eae
910 2982 1072 3062 strophae,
1099 2993 1167 3059 quas
1182 2968 1211 3030 ab

157 3087 297 3167 Lydiis
324 3086 421 3148 modis
444 3086 592 3167 Lydias
613 3086 822 3167 appellamus,
848 3104 950 3166 neque
973 3083 1205 3165 gravitateque,

157 3200 271 3270 quanta
288 3192 319 3250 in
334 3191 448 3251 Doriois
464 3199 521 3269 est,
536 3208 594 3250 nec
609 3197 695 3250 motu
710 3189 762 3250 illo
776 3189 922 3268 insignes,
938 3188 991 3267 qui
1007 3196 1055 3249 est
1069 3189 1099 3249 in
1113 3177 1204 3246 Aeoliis.

158 3296 196 3356 Vt
216 3293 300 3355 Pind.
319 3294 367 3355 01.
386 3295 421 3356 V.

239 3406 392 3500 Ὑψηλᾶν
413 3404 534 3495 άρετᾶν
548 3447 565 3458 -
580 3406 638 3474 καί
660 3405 832 3497 στεφάνων
855 3407 905 3472 ἀω
920 3445 936 3455 -
951 3404 1010 3472 τδν
1031 3402 1147 3494 γλυκύν,

243 3520 309 3580 τῶν
333 3509 524 3602 Οὐλυμπίᾳ,
546 3507 705 3577 Ὠκεανοῦ
726 3509 884 3598 θύγατερ,

287 3612 411 3706 καρδίᾳ
433 3616 573 3703 γελανεῖ,

245 3714 525 3803 ἀκαμαντόποδός
545 3711 573 3784 τ’
596 3710 726 3806 ἀπήνας
747 3714 852 3797 δέκευ,

189 3862 195 3871 -
290 3819 443 3907 Ψαύμιός
463 3845 499 3887 τε
522 3822 623 3909 δῶρα.

545 4086 850 4093 ——.——-—-—-
