2804 4912
430 196 465 236 ne
482 195 613 238 vanarum
630 194 817 237 nocumacu.
1134 173 1174 236 89

172 346 198 427 5
213 342 291 411 262.
322 346 366 409 De
388 366 504 428 paeone
520 356 644 429 quarto,
671 365 763 428 quem
783 345 889 427 tragici
903 346 1028 427 saepius
1042 346 1175 419 iungunt

134 450 247 529 thmiis‚
266 448 398 513 dubium
415 450 511 513 videri
527 460 637 531 potest,
656 459 761 514 utrum
777 450 803 512 is
819 450 858 510 sit
873 449 983 511 solutio
997 448 1119 525 Cretici,
1139 457 1174 510 ut

134 561 194 615 >rte
211 554 243 613 in
259 553 346 615 Herc.
366 553 439 630 iun,
459 554 513 616 ubi
529 552 587 615 sibi
604 552 792 635 respondent
806 573 836 613 v.
857 551 929 614 tlt.
950 553 1022 615 757.

173 666 676 756 χαρμοναὶ-δακρύωο-ἔδοοαο
697 664 847 754 ἐκβολάς.

174 767 229 850 τίς
250 767 268 838 δ
291 766 734 861 θεοδς-ἆνομίᾳ-χραὶνων,
757 768 881 860 θνητὸς
901 762 963 835 ι’δν·

152 895 320 977 aliquando
335 916 408 959 vere
429 899 469 959 sit
488 915 602 977 paeon:
629 916 691 977 quo
711 897 789 959 lacto
806 897 958 957 Creticum
977 894 1098 957 excludi
1115 914 1174 956 nc-

133 1018 174 1061 tsc
202 1010 257 1062 est.
294 999 339 1062 hc
366 1003 469 1081 negari
495 1018 557 1062 nou
581 1010 697 1080 potest,
727 999 856 1062 inveniri
879 999 976 1078 locos,
1005 998 1175 1079 inquibus

133 1121 223 1165 eones
249 1105 346 1166 multo
377 1105 508 1184 aptiores
538 1102 720 1166 videantur:
754 1113 790 1166 ut
813 1103 846 1164 in
872 1101 992 1165 Electra
1019 1101 1175 1184 Sophoclis

132 1208 188 1269 tat.

220 1317 310 1389 ἴδεθ’
333 1321 636 1412 ὅπη-προνέμεται

178 1423 215 1492 τὸ
238 1422 427 1514 δοςδριοτον
449 1415 534 1510 αἷμα
558 1430 673 1517 φυσῶν
694 1426 798 1514 Ἄρης.
844 1486 848 1491 .

132 1549 299 1613 tiuhesch.
320 1550 417 1614 Prom
440 1553 511 1613 579.

181 1662 213 1734 τί
233 1664 320 1734 ποτέ
338 1660 385 1751 μ’,
408 1656 592 1754 ὦ-Κρόνιο
614 1668 690 1749 παῖ,
714 1661 773 1733 -cl
793 1688 878 1734 ποτε
900 1667 997 1744 ταῖςδ
1009 1716 1017 1731 .

180 1877 202 1959 5
216 1874 293 1943 263.
337 1881 436 1959 Saepe
457 1898 474 1940 c
490 1876 641 1957 dactylico
664 1897 792 1940 numero
808 1878 955 1940 transitur
969 1879 1001 1939 in
1016 1876 1177 1940 dochmia-

131 1990 177 2057 tn,
194 1990 224 2043 et
240 1980 367 2061 quidem
383 1982 423 2042 ita
440 1981 513 2060 lere,
534 1991 570 2043 ut
584 1982 675 2043 etiam
691 1980 852 2043 dochmius
867 2000 885 2043 a
901 1979 1023 2062 dactylo
1037 1982 1172 2063 incipiat.

131 2082 200 2146 δεδι.
220 2084 251 2146 S.
271 2082 312 2145 ad
328 2084 383 2145 Th.
404 2083 476 2145 227.
497 2085 569 2146 234.

178 2195 400 2284 duodus-roo
421 2197 505 2283 πυρὶ
526 2197 623 2289 δαΐῳ.

178 2306 434 2392 κρημναμε-οᾶο
456 2303 600 2392 νεφελᾶν
622 2298 735 2392 ὀρθοῖ.

130 2422 267 2507 tissime,
287 2436 323 2490 ut
337 2446 355 2489 a
371 2426 539 2489 tribracho:
562 2427 668 2509 Enrip.
688 2429 750 2493 lon.
773 2431 865 2492 tlte.

180 2538 344 2634 ουνέκυρδ
367 2536 533 2632 ἀδόκητος
552 2538 634 2633 tuot

180 2644 236 2730 ad‚·
257 2644 564 2733 πόθεν-ἐλάβομεν
584 2646 698 2734 χαράν.

155 2783 198 2834 υι
211 2773 251 2835 ab
268 2773 380 2852 iambo,
398 2781 453 2834 aut
467 2771 621 2853 spondeo:
641 2771 722 2834 idem
739 2773 770 2833 in
786 2774 897 2835 Phoco.
921 2776 991 2835 438.

181 2879 278 2966 οὗτος
300 2883 319 2954 δ
342 2892 403 2967 cde
423 2884 657 2968 Πολυνείκεος,
682 2877 704 2954 ἆ
726 2885 831 2975 γέρον,

181 2986 493 3082 αὖοοκα-οιμοὴτας
513 2987 645 3082 νύμφας
667 2985 839 3078 ὁμόγαμος
859 2993 968 3077 κυρεῖς
1059 3059 1064 3067 ,

181 3218 295 3302 stul.
329 3217 598 3296 Quemadmodum
622 3221 653 3281 iu
676 3220 745 3298 hoc,
770 3220 854 3301 quod
869 3218 960 3281 modo
975 3220 1101 3282 allatum
1119 3231 1175 3298 est,

128 3327 243 3406 impio,
259 3327 347 3388 cuius
364 3325 458 3387 multa
474 3324 584 3387 similia
600 3324 810 3402 inveniuntur,
827 3323 943 3403 longior
957 3325 1052 3385 series
1067 3322 1180 3404 dacty-

128 3436 191 3488 -lm
206 3432 237 3491 in
255 3429 447 3491 dochmiacae
462 3428 536 3506 abit,
562 3426 602 3488 ita
619 3445 711 3508 saepe
727 3428 820 3489 etiam
835 3433 905 3489 ante
920 3445 992 3488 cum
1008 3425 1176 3508 dactylum,

128 3537 184 3589 ³¹n
205 3534 320 3614 excipit
342 3531 518 3611 dochmius,
546 3529 707 3593 trochaeus
727 3539 776 3592 est
796 3538 828 3619 ct
849 3530 906 3590 hoc
927 3548 998 3591 oum
1013 3527 1136 3609 dactylo
1150 3540 1183 3594 et

127 3640 154 3683 ‘¹
190 3637 324 3717 dactylis
351 3632 608 3717 praecedentibus
634 3652 696 3697 uno
721 3635 840 3696 numeri
869 3642 974 3695 tenore
1000 3632 1177 3696 cohaerens.

127 3726 195 3811 'itt
219 3738 331 3801 Troad.
353 3739 424 3801 256.

165 3859 288 3943 ῥῖπτε,
311 3850 435 3936 τέκνον,
458 3851 603 3940 ζαθέους
624 3853 749 3940 κλῇδας
770 3851 828 3920 καὶ
850 3848 921 3921 ἀπὸ
942 3850 1042 3942 χροὸς
1064 3850 1155 3921 ἐνδο-

164 3965 245 4028 to'ia
267 3955 447 4050 οτεφέ-οον
469 3954 578 4047 leporis
600 3952 773 4043 στολμούς.
