2804 4912
233 314 262 355 vl
691 312 858 353 PRAEFATIO.

235 465 288 548 qui
303 464 344 528 ad
360 483 486 528 sensum
509 461 724 528 tantummodo
743 461 873 540 attenti,
896 467 997 527 metra
1011 463 1194 545 negligunt,
1218 481 1323 544 neque

234 571 286 648 hi,
304 571 357 653 qui
373 576 472 636 metra
487 571 555 634 sola
569 575 732 647 notantes,
758 570 833 652 quid
849 571 1004 634 sententia
1018 571 1183 635 verborum
1198 570 1320 652 exigat,

234 698 297 742 nen
312 683 439 743 curant:
463 677 519 742 sed
534 697 573 743 ea
588 678 714 743 demum
728 677 812 742 iusta
826 685 875 743 cst
889 677 1042 756 recitatio,
1059 697 1140 760 quae
1155 683 1324 759 utrumque

234 785 469 878 respiciensid
483 784 562 867 agit,
580 791 625 864 ut,
647 783 722 849 dum
737 784 844 851 sensui
858 785 942 868 aptis
958 773 1210 850 distinctionibus
1224 785 1324 849 satis-

235 892 307 972 fiat,
331 892 424 958 simul
439 893 534 958 etiam
549 899 649 958 metra
665 898 749 958 certo
762 898 795 958 et
808 891 897 957 firmo
912 892 1036 957 incessu
1052 893 1229 957 decumani.
1261 891 1323 956 At-

235 1020 295 1083 que
316 1006 438 1065 veteres
459 1000 547 1084 ipses
572 999 720 1065 adhunc
743 999 869 1065 modunn
892 999 1075 1065 cenitavisse
1097 1017 1206 1064 versus
1232 1017 1320 1076 suos,

234 1105 314 1171 illud
328 1107 450 1191 prodit,
473 1107 557 1190 quod
572 1107 679 1172 multis
693 1107 727 1171 in
741 1107 849 1171 metris
864 1127 921 1190 pro
942 1106 1199 1190 interpunctionis
1214 1105 1324 1171 diver-

234 1214 329 1280 sitate
343 1214 492 1280 maiorem
508 1213 700 1280 minoremve
715 1214 875 1280 licentiam
887 1213 1030 1279 videmus
1041 1233 1224 1280 concessam
1235 1232 1320 1279 esse.

234 1321 451 1387 Animadverti
472 1329 577 1387 autem
599 1321 702 1404 magis
723 1322 788 1388 fere
803 1323 837 1387 in
851 1321 973 1387 Latinis
988 1323 1130 1387 versibus
1151 1320 1324 1386 recitandis

235 1449 330 1512 quam
341 1425 377 1493 'in
394 1429 524 1494 Graecis
546 1430 690 1513 peccari,
715 1429 888 1513 etquidem
903 1430 1024 1494 duobus
1039 1429 1159 1495 modis:
1185 1428 1324 1512 primum

234 1554 283 1612 eo,
298 1536 381 1618 quod
395 1537 485 1601 multi
501 1537 641 1621 syllabas
656 1537 690 1602 in
704 1539 846 1602 vocalem
861 1538 912 1603 vel
926 1538 960 1601 in
974 1559 1003 1599 m
1019 1537 1156 1602 litteram
1170 1542 1324 1601 exeuntes

234 1648 309 1709 ante
323 1644 464 1710 vocalem
479 1646 574 1729 plane
589 1643 745 1722 emittunt,
763 1644 1029 1729 pronuntiantque
1292 1631 1295 1637 ¹

322 1801 465 1863 descende
481 1803 547 1863 cuel
560 1811 588 1864 et
603 1801 652 1862 die
668 1821 723 1882 dyc
739 1801 824 1873 tibio,

321 1915 434 1969 moastr
449 1907 580 1970 borrecd
596 1908 707 1987 ecferre
724 1909 837 1989 ibycus,
856 1910 907 1970 cci
923 1910 1021 1969 litorea
1037 1908 1157 1988 cderrrpt
1171 1915 1224 1984 cst,

235 2096 331 2159 quum
345 2078 438 2161 plene
453 2076 560 2142 omnia
574 2077 763 2161 proferenda
778 2077 852 2156 sint,

321 2232 462 2295 descende
479 2233 558 2295 caelo
575 2241 603 2295 et
617 2233 664 2294 dic
681 2254 736 2316 eye
752 2234 835 2311 tibio,

321 2347 484 2402 monstrum
509 2338 691 2401 horrendem
715 2339 985 2422 infestaeincestae,
1017 2344 1066 2403 cui
1091 2344 1190 2405 litoreo
1213 2342 1323 2404 ‹adcor-

855 2456 940 2528 ptcm
956 2458 1008 2527 est,

235 2603 292 2671 sed
315 2604 378 2684 sic,
406 2609 440 2669 ut
462 2611 493 2670 et
514 2612 647 2670 oantee
669 2611 702 2670 et
721 2605 783 2670 ista
805 2626 857 2669 um
876 2612 950 2672 ante
971 2626 1027 2672 eas
1048 2628 1129 2690 quac
1151 2616 1322 2690 sequuntur

234 2713 375 2799 syllabas
390 2712 505 2797 raptim
519 2712 637 2778 inserta
652 2713 820 2778 audiantur
835 2713 973 2797 quidem,
987 2735 1094 2781 verum
1110 2721 1144 2780 ut
1159 2736 1234 2800 pars
1249 2723 1322 2781 tan-

234 2828 300 2888 tum
322 2821 482 2905 sequentis
504 2821 658 2905 syllabae.
698 2821 839 2886 Alterum
865 2820 898 2886 in
920 2843 981 2906 quo
1003 2829 1151 2906 peccatur
1175 2823 1236 2889 hee
1258 2831 1318 2902 est,

233 2929 318 3012 quod
332 2949 428 3011 quum
443 2928 575 2994 Latinus
591 2948 692 2993 sermo
707 2900 787 2993 nod⁵
785 2935 878 2993 acuat
893 2931 1019 2995 ultimas
1040 2931 1191 3014 syllabas,
1216 2932 1318 3009 multi,

234 3036 262 3100 si
284 3037 409 3120 syllaba
429 3036 534 3101 finalis
556 3037 614 3100 sub
635 3035 698 3100 ictu
720 3041 784 3113 est,
809 3037 910 3102 solnm
925 3037 1022 3102 ictum
1036 3038 1069 3102 in
1084 3036 1246 3102 recitando
1260 3059 1320 3103 no-

122 3128 126 3137 ’
234 3148 318 3220 tant,
343 3145 485 3226 neglecto
500 3143 553 3227 qui
569 3143 718 3226 cuiusque
733 3144 876 3209 vocabuli
892 3145 1036 3229 proprius
1051 3150 1100 3239 est
1113 3151 1260 3210 accentu:
1287 3151 1321 3210 ut

234 3269 330 3332 quum
345 3249 378 3314 in
392 3249 443 3314 his
458 3249 601 3315 versibus

321 3414 392 3468 suot
406 3405 513 3468 delicte
529 3414 638 3482 tunsae,
658 3407 766 3488 quibus
782 3409 929 3490 icoovisse
944 3408 1079 3481 cellolae,

292 3541 295 3545 ¹
321 3531 406 3574 scaea
418 3533 475 3594 per
489 3520 517 3574 ct
531 3514 668 3594 scopulos
684 3522 711 3574 et
726 3514 884 3595 depressos
900 3514 1056 3591 carcallae,

235 3688 333 3748 tameo
353 3689 385 3748 ct
407 3686 540 3764 scopclds
562 3683 781 3767 pronuntiant,
806 3704 887 3768 quae
902 3682 1056 3750 vocabula
1070 3684 1117 3750 sic
1131 3684 1320 3768 proferenda

234 3797 324 3868 sunt,
346 3795 383 3855 ut
397 3790 491 3855 simul
505 3790 665 3874 utriusque
679 3792 801 3858 numeri
815 3792 896 3857 iobis
917 3790 1082 3871 audiatur,
1108 3797 1220 3869 roscen,
1247 3798 1319 3856 scd-

231 3903 331 3981 pauida.

320 4005 461 4071 Tertium
475 4004 622 4089 denique,
646 4004 687 4072 de
701 4027 762 4089 quo
777 4004 992 4072 admonendos
1008 4013 1083 4091 puto
1098 4027 1152 4073 eos
1167 4008 1221 4091 qui
1236 4015 1320 4074 reete

234 4132 423 4195 cognoscere
445 4132 510 4178 rem
532 4113 694 4178 metricam
715 4115 840 4191 volunt,
865 4113 925 4180 hoc
947 4121 1013 4196 cst,
1041 4123 1076 4181 ut
1097 4116 1239 4195 discant,
1265 4116 1319 4198 qui
