2804 4912
151 260 192 321 94
555 279 610 323 tm.
631 279 664 321 u.
698 279 760 323 mr.
780 278 849 321 ιω.

237 426 353 511 9278.
380 431 616 494 Vsitatissimum
631 448 730 511 genus
750 431 920 495 tetrametri
940 439 1030 511 sunt,
1053 432 1111 511 qui
1131 431 1165 493 in
1180 431 1238 493 fine
1274 474 1276 515 ÷

151 532 278 596 secundi
301 534 388 613 pedis
411 552 571 598 caesuram
593 534 717 599 habent
758 537 856 615 Saepe
879 545 981 599 tamen
1002 554 1039 597 ea
1061 534 1235 614 negligitur.

153 639 293 717 Plautus,
319 640 372 718 qui
388 637 479 700 valde
494 637 664 701 delectatus
680 649 728 701 est
743 640 800 700 hoc
816 648 930 719 metro,
956 637 1114 702 interdum
1131 636 1239 701 mediis

152 743 336 804 tetrametris
353 740 517 804 dimetrum
534 742 672 804 inseruit.
705 741 880 824 Aliquando
895 742 986 804 etiam
1001 761 1058 825 per
1078 741 1237 803 elisionem

151 844 229 907 duos
247 863 354 907 versus
370 846 541 926 copulavit,
560 854 595 908 ut
609 847 641 906 in
656 843 768 927 Amph.
788 847 822 906 ll.
843 848 871 908 2.

238 968 318 1030 sotto
329 985 432 1048 porca
448 968 497 1028 res
511 973 556 1029 est
569 964 756 1050 ooldptotum
772 969 804 1029 r'o
818 967 884 1031 otto
898 974 989 1049 atquc

239 1071 270 1132 io
285 1068 534 1153 «ceucocroca,
549 1073 735 1153 praequam
750 1070 830 1153 qood
845 1070 996 1133 molestum
1010 1078 1066 1135 ert.

238 1305 262 1386 ἦ
277 1299 354 1368 279.
380 1301 529 1365 Videntur
544 1302 576 1363 hi
597 1305 764 1365 tetrametri
781 1301 936 1364 interdum
952 1302 1111 1365 clausulas
1127 1301 1238 1366 habere

153 1428 192 1471 ex
222 1407 350 1469 iambico
380 1405 511 1469 dimetro
540 1407 731 1486 catalectico,
766 1417 800 1469 ut
828 1405 912 1487 apud
939 1407 1118 1471 Terentium
1140 1403 1235 1468 Andr.

155 1514 199 1574 ru.
220 1515 251 1593 a,
265 1515 292 1572 r.

239 1632 319 1713 quod
334 1629 408 1694 idaci
423 1631 451 1692 ei
465 1630 536 1692 (tort
551 1630 650 1692 bibere
666 1637 695 1693 et
709 1632 853 1712 podatum
869 1631 1027 1713 imperatui,

281 1735 351 1797 dote
359 1754 370 1813 ;
387 1736 461 1796 mom
474 1752 526 1816 epo
540 1732 599 1795 darc
613 1740 762 1797 revertor.

154 1855 229 1922 Vide
244 1855 341 1917 Elem.
361 1854 392 1917 d.
411 1873 453 1916 m.
472 1874 502 1935 p.
523 1853 595 1915 299.
629 1855 692 1917 Nisi
708 1872 761 1936 epo
776 1852 954 1918 delendum.
1271 1920 1276 1983 j

239 2085 354 2171 5280.
380 2085 721 2167 ApudPlautumsaepe
730 2089 759 2148 in
768 2086 875 2149 eadem
889 2106 980 2166 scena
991 2106 1075 2150 nunc
1083 2090 1238 2152 Bacchiaci
1272 2090 1276 2139 «¹

154 2212 275 2272 versus,
294 2208 377 2253 nunc
392 2190 501 2252 Cretici
518 2191 734 2253 inveniuntur:
753 2192 834 2253 utin
851 2190 930 2252 llud.
951 2192 972 2252 l.
990 2193 1018 2251 5.
1044 2191 1123 2254 Vide
1141 2193 1235 2255 Elem.
1274 2252 1276 2263 ,

155 2295 185 2357 d.
202 2315 243 2355 m.
262 2314 293 2374 p.
307 2291 379 2355 207.
406 2292 586 2357 Cuiusmodi
602 2295 632 2355 in
650 2294 724 2356 locis
738 2293 921 2374 cavendum,
940 2313 979 2355 no
995 2293 1236 2377 contundantur,
1274 2336 1276 2345 =

154 2400 226 2480 quia
243 2398 336 2461 unius
351 2397 488 2477 syllabae
501 2399 634 2459 accessio
646 2396 832 2459 detractiove
844 2395 1000 2460 interdum
1012 2396 1096 2477 lacit,
1112 2409 1153 2461 ut
1164 2398 1235 2462 iden

144 2488 263 2564 ¹versus
275 2502 450 2565 etCretious
462 2509 492 2562 et
500 2501 683 2565 Bacchiacus
692 2501 787 2563 videri
796 2502 903 2582 possit.
929 2502 971 2563 lta
984 2501 1120 2582 exempli
1134 2520 1238 2566 caussa
1270 2526 1276 2561 ε

154 2605 290 2670 dubitari
304 2613 406 2686 potest
421 2603 459 2666 de
475 2604 535 2665 line
551 2604 701 2667 Pseudoli.
735 2605 770 2668 V.
790 2603 888 2689 §serp
1274 2618 1276 2623 ·

240 2851 353 2936 5281.
379 2852 535 2917 Interdum
544 2854 854 2919 Bacchiaoividentur
864 2857 1040 2935 systematis
1052 2859 1237 2938 continuari,

155 2971 190 3024 ut
205 2979 306 3040 neque
321 2957 440 3039 syllaba
456 2976 568 3039 anceps
585 2960 616 3020 in
631 2958 692 3023 line
707 2977 854 3023 versuum
871 2959 971 3021 locum
987 2958 1113 3040 habeat,
1137 2970 1172 3023 et
1185 2980 1242 3025 ro-

156 3064 265 3125 cabula
283 3064 362 3124 inter
377 3060 456 3125 duos
471 3080 580 3124 versus
595 3061 692 3126 dividi
707 3063 836 3143 possint.
871 3064 964 3127 Varro
980 3054 1059 3145 maol
1075 3055 1242 3151 ἐξαγωγῆς
1272 3086 1276 3137 1

155 3165 240 3248 apud
255 3167 386 3228 Nonium
402 3186 432 3248 p.
450 3167 521 3228 336.
1271 3140 1276 3233 l

241 3268 399 3371 quentodrir
416 3294 442 3349 tc
458 3304 520 3349 aare
536 3285 645 3365 do'corm
664 3286 735 3367 ferd
749 3289 805 3369 qui
819 3286 911 3349 monti
927 3306 1000 3348 cor-

241 3391 324 3474 poris
338 3389 473 3471 servr'dds
487 3388 616 3469 fontium
632 3391 733 3471 operis
749 3387 834 3452 locris
849 3408 926 3452 sao-

241 3494 352 3575 9or'nls,
372 3501 456 3575 teque
470 3491 535 3554 olto
550 3491 633 3555 levda
645 3493 745 3574 ferreo
761 3494 839 3555 dnae.

1269 3300 1276 3413 l

91 3620 94 3625 '
157 3617 200 3677 lta
223 3624 418 3695 comparatus
440 3612 534 3675 videri
558 3622 659 3694 potest
678 3614 747 3674 finis
770 3611 926 3675 Pseudoli:
957 3631 987 3674 v.
1014 3611 1114 3677 Elem.
1142 3617 1176 3681 d.
1203 3638 1240 3681 m.

156 3736 187 3798 p.
202 3720 272 3780 303.
292 3736 357 3798 seq.
377 3717 436 3779 nisi
451 3737 487 3779 oo
503 3718 534 3777 in
550 3717 613 3778 loco
629 3717 736 3780 Cretici
753 3716 858 3779 latent.
886 3717 919 3779 V.
939 3714 957 3799 ἓ
973 3716 1044 3779 280.

242 3947 358 4034 5282.
384 3945 593 4014 Memorabiles
611 3958 685 4014 sunt
706 3948 791 4031 apud
812 3948 952 4012 Plautum
976 3948 1134 4016 Bacchiaci
1158 3964 1246 4020 cata-

157 4058 273 4136 lectici,
300 4058 353 4136 qui
375 4056 517 4118 ultimum
540 4053 650 4137 pedem
674 4053 810 4116 iambum
834 4053 958 4116 habent.
1000 4051 1043 4115 llo
1064 4058 1172 4136 primo
1193 4060 1245 4123 di-

158 4161 262 4238 metri,
293 4161 347 4239 qui
370 4176 466 4240 quum
495 4176 639 4220 mensura
662 4174 753 4239 pares
782 4159 844 4218 sint
866 4157 1031 4237 dochmiis‚
1057 4177 1089 4221 ν.
1117 4158 1241 4243 §mu
