2804 4912
265 352 301 394 mr
318 350 505 394 snornim
522 352 553 394 ltt
570 351 684 393 llssnllA
702 351 752 395 sm
768 350 1002 394 nlsrntcvrloml.
1119 333 1181 395 223

499 581 609 649 CAP.
629 580 778 648 XVIII.

168 731 222 802 De
249 731 533 825 stropharum
560 731 601 799 in
629 732 819 800 membra
846 752 924 801 sua
951 730 1109 801 distri-

538 852 732 923 bulione.

182 1019 303 1102 §602
352 1024 489 1103 Magnam
520 1041 612 1102 saepe
644 1021 853 1083 difficultatem
885 1022 980 1083 habet
1008 1021 1182 1083 distributio

136 1126 291 1203 'opharum
314 1128 346 1186 in
368 1125 506 1187 membra
522 1144 594 1204 sua,
621 1127 691 1205 qnia
715 1136 745 1186 et
767 1125 902 1204 ambigui
919 1124 1046 1204 quidam
1063 1128 1182 1186 numeri

136 1237 180 1307 ut,
198 1238 229 1291 et
243 1230 332 1291 aliter
347 1241 440 1310 atque
455 1230 544 1291 aliter
558 1228 692 1290 describi
707 1239 811 1310 partes
827 1248 933 1290 eorum
949 1238 1089 1310 possunt.
1116 1231 1182 1303 Quo

136 1331 192 1407 *gis
214 1333 405 1413 curandum,
433 1343 466 1394 ut
486 1334 637 1412 sciamus,
664 1334 797 1412 quaein
820 1333 877 1394 hoo
896 1351 1006 1413 genere
1030 1332 1181 1393 tutissima

136 1437 211 1499 isit.

183 1641 298 1724 §603
331 1642 376 1704 Ac
392 1645 490 1724 primo
507 1643 692 1721 videndum,
706 1663 744 1705 ne
762 1653 837 1705 tota
853 1653 884 1705 et
898 1645 1042 1705 usitata
1064 1653 1180 1705 metra

140 1742 288 1812 itesoant.
323 1748 385 1809 Sed
408 1750 553 1827 quoniam
578 1749 692 1808 multae
717 1758 881 1809 metrorum
906 1748 1020 1808 lormae
1043 1747 1182 1808 nondum

138 1845 251 1914 lucem
274 1860 444 1933 protractae
471 1860 560 1930 sunt,
588 1853 692 1930 augeri
715 1851 861 1931 deinceps
884 1851 993 1911 horum
1016 1861 1182 1912 metrorum

136 1968 262 2017 {uerum
279 1974 403 2016 necesse
419 1964 476 2030 est,
500 1956 658 2035 multaque
674 1964 770 2015 metra
787 1955 857 2014 olim
875 1955 904 2013 in
921 1955 1000 2014 notis
1016 1964 1047 2014 et
1063 1956 1182 2015 usitatis

136 2055 237 2120 filum
254 2060 299 2139 iri,
320 2078 399 2138 quae
416 2057 504 2119 hodie
520 2058 658 2119 nondum
674 2059 748 2120 satis
764 2059 880 2137 cognita
896 2067 979 2118 sunt.

184 2264 300 2346 §604
338 2265 453 2326 Deinde
475 2264 698 2328 attendendum
725 2265 766 2327 ad
792 2267 1127 2344 interpunctiones
1152 2278 1183 2328 et

136 2379 204 2430 les
227 2370 537 2432 sententiarum.
572 2370 819 2431 Consentaneum
834 2370 993 2449 estenim,
1018 2390 1088 2431 cum
1105 2390 1183 2431 sen-

136 2474 192 2532 uta
216 2472 382 2534 verborum
405 2474 454 2533 vel
477 2473 617 2553 portibus
640 2474 707 2534 eius
724 2473 907 2552 plerumque
927 2476 1018 2534 etiam
1035 2493 1182 2535 versuum

136 2587 177 2637 es
199 2578 372 2638 convenire.
405 2578 600 2656 Quamquam
625 2595 686 2637 non
707 2595 743 2637 ea
765 2587 813 2639 est
834 2577 927 2638 huius
943 2578 986 2637 rei
1002 2579 1178 2656 necessitas,

143 2693 209 2740 non
224 2683 316 2740 etiam
337 2681 368 2739 in
384 2679 483 2741 media
501 2682 651 2741 sententia
669 2698 777 2742 versus
793 2681 872 2739 liniri
892 2676 999 2758 possit.
1032 2681 1113 2752 Quin
1129 2682 1182 2740 in-

136 2780 218 2844 ·dum
235 2785 326 2844 etiam
343 2784 441 2845 virtus
457 2783 609 2863 quaedam
626 2786 657 2843 in
673 2802 708 2843 eo
723 2792 779 2863 est,
795 2784 822 2843 si
837 2784 917 2844 ultra
932 2784 1021 2846 metri
1037 2784 1182 2844 terminos

136 2885 246 2948 educta
262 2896 310 2948 est
325 2888 428 2948 oratio.

183 3092 305 3174 §605
346 3094 438 3175 Apud
468 3106 575 3177 poetas
604 3096 741 3156 scenicos
771 3113 864 3174 saepe
891 3095 982 3155 etiam
1012 3094 1182 3155 mutatio

136 3215 313 3278 ersonae,
337 3208 374 3260 ut
392 3217 471 3278 quae
488 3219 558 3260 oum
581 3218 678 3278 pausa
694 3199 971 3279 aliqua-coniuncta
988 3214 1056 3258 esse
1072 3198 1177 3276 soleat,

136 3299 191 3362 dex
208 3309 255 3363 est
270 3320 379 3364 versus
396 3302 482 3363 finiti.
950 3312 953 3316 '

183 3506 206 3588 ᾗ
220 3506 299 3572 606.
332 3511 422 3570 Porro
436 3512 528 3571 etiam
548 3509 645 3570 linis
660 3509 850 3571 vocabuli
869 3509 980 3571 indicio
995 3518 1042 3570 est
1057 3527 1181 3571 versum

136 3613 187 3672 iri.
221 3613 259 3672 Et
279 3623 445 3693 systemata
470 3613 595 3692 quidem
617 3632 653 3674 ac
671 3614 813 3692 strophas
834 3616 957 3674 omnino
977 3615 1093 3692 integra
1109 3632 1182 3674 voce

136 3717 253 3776 minari
276 3736 400 3778 necesse
423 3726 479 3778 est.
517 3716 696 3797 Eademque
719 3718 823 3797 regula
846 3718 1030 3779 observatur
1051 3719 1082 3777 in
1105 3736 1182 3779 ver-

136 3821 250 3899 luciis,
278 3839 355 3899 quos
371 3839 431 3880 non
454 3839 548 3882 nexos
564 3821 800 3882 nominavimus.
833 3821 897 3881 Nisi
913 3839 1009 3899 quum
1026 3820 1182 3882 breviores

136 3932 186 4002 nt,
220 3932 256 3984 ut
284 3926 350 3984 sine
380 3925 563 4003 offensione,
601 3925 693 3985 immo
721 3922 876 3984 interdum
906 3925 998 3985 etiam
1028 3925 1183 4005 eleganter

136 4028 237 4105 aiungi
262 4027 324 4089 dno
352 4046 460 4089 versus
490 4027 590 4089 diviso
611 4027 762 4088 vocabulo
783 4027 917 4107 possint,
948 4035 983 4088 ut
1005 4027 1036 4088 in
1056 4028 1181 4108 stropha

136 4131 258 4211 pphioa.
292 4132 499 4211 Similiterque
522 4132 612 4193 etiam
635 4132 667 4191 in
690 4130 879 4209 longioribus
894 4131 1036 4192 versibus
1059 4140 1107 4192 est
1127 4131 1181 4193 ubi

136 4235 236 4298 cabuli
252 4234 378 4314 divisio,
405 4237 431 4296 si
449 4235 631 4297 vocabulum
654 4236 856 4315 compositum
879 4244 941 4314 est,
968 4245 999 4295 el
1020 4245 1181 4315 propterea
