2804 4912
449 305 485 346 nn
502 303 625 344 uvnrnrs
641 302 809 343 concurris.
1119 283 1177 343 197

128 461 177 515 rte
187 455 344 538 putandus
355 457 413 518 erit
423 457 650 538 imperitissime
663 455 762 518 laetus
773 473 851 533 esse,
867 455 921 534 qui
934 473 1093 516 caesuram
1106 464 1176 517 ante
1264 510 1268 523 s

128 575 198 621 cem
213 561 382 622 encliticam
398 560 540 622 haheret:

178 680 253 761 falce
268 680 359 743 rubos
373 679 563 763 silicem-que
577 687 701 743 resecat.

128 803 286 883 nninoque
307 821 364 864 nec
384 803 517 865 metricis
539 802 597 863 ista
621 819 747 864 caesura
763 809 834 862 nota
851 798 923 879 luit,
943 819 1040 880 quum
1057 802 1177 861 Toron—

130 921 193 967 nus
208 909 333 970 Maurus
348 926 378 968 v.
401 908 493 967 l988.
520 904 670 984 dactylico
692 913 867 966 tetrametro
883 904 1054 965 catalectico
1077 904 1177 984 sylla—

130 1008 269 1090 maddi,
297 1009 426 1088 sedita,
454 1018 489 1071 ut
503 1008 672 1089 penultima
688 1008 791 1070 hrevis
808 1009 863 1087 sit,
883 1008 1010 1069 Servius
1025 1017 1129 1069 autem
1146 1008 1179 1068 in

128 1112 277 1176 ntimetro
298 1133 330 1194 p.
352 1115 431 1174 turi
454 1112 548 1195 (opud
563 1111 769 1175 Gaisierdium
789 1133 821 1194 p.
842 1110 927 1192 374.)
951 1112 1008 1173 hoo
1030 1119 1173 1189 metrum,

128 1213 173 1275 od
187 1217 382 1280 Faliscum
399 1199 526 1295 vocant,
546 1235 583 1277 ox
601 1215 702 1277 trihus
718 1214 849 1294 dactylis
864 1224 895 1277 et
910 1214 1083 1297 pyrrhichio
1098 1234 1177 1275 con-

131 1333 170 1377 re
192 1321 292 1400 dieat,
317 1339 390 1399 neo,
415 1339 509 1399 quem
530 1320 596 1381 eius
617 1328 774 1380 auctorem
796 1327 982 1397 memorant,
1009 1319 1176 1399 Septimius

128 1435 226 1486 renus
253 1424 435 1487 observasse
465 1422 547 1484 illam
574 1440 733 1484 caesuram
762 1421 921 1483 videatur:
952 1440 1032 1501 quae
1062 1423 1119 1482 etsi
1147 1422 1178 1482 in

128 1533 236 1589 attuor
258 1527 364 1590 Sereni
383 1526 527 1589 versibus
554 1525 638 1606 apud
661 1527 878 1587 Terentianum
900 1545 930 1587 v.
952 1525 1174 1586 root-stol.

128 1644 154 1685 e
172 1649 326 1711 paeonem
349 1639 413 1711 est,
433 1639 553 1711 tamen,
579 1633 605 1692 si
621 1630 756 1692 Serenus
778 1649 884 1691 omnes
901 1648 1012 1692 versus
1034 1627 1075 1689 ad
1091 1627 1175 1691 istud

128 1734 268 1814 unplum
284 1733 421 1816 lecisset,
446 1752 507 1796 non
530 1744 578 1796 est
592 1734 756 1795 verisimile
772 1732 804 1794 id
819 1734 959 1794 metricos
981 1733 1021 1794 ita
1037 1732 1173 1811 latuisse,

128 1847 197 1898 nec
215 1839 416 1900 Terentianus
432 1858 462 1898 v.
485 1840 578 1900 ι996.
600 1838 692 1901 ι998.
712 1835 847 1899 scribere

173 1960 225 2022 vel
238 1961 268 2021 si
277 1960 403 2040 ponitur
418 1977 496 2021 oeus
512 1958 601 2036 altos,

176 2063 253 2124 tolia
268 2061 356 2124 docto
372 2062 491 2124 Falisco
506 2062 638 2143 leplmru,

128 2192 137 2233 ²
158 2183 289 2245 Servius
305 2184 362 2244 hoe
378 2183 555 2263 exemplum
571 2201 685 2263 ponere
701 2181 908 2243 dubitaverit:

178 2305 262 2367 doctu
282 2305 412 2382 Falisco,
433 2305 556 2382 Serene,
576 2321 718 2384 repares.

175 2507 290 2591 5535.
317 2510 432 2572 Eadem
456 2512 572 2572 ratione
597 2511 629 2570 in
651 2511 853 2590 anapaesticis
878 2514 1015 2573 numeris
1036 2522 1175 2575 utuntur.

128 2614 199 2693 lrip.
219 2614 368 2676 Androm.
392 2615 424 2674 ll
434 2615 483 2674 tt.
507 2615 597 2676 tt97.

179 2726 382 2816 Σιμοεντίόα
398 2724 477 2816 παρ’
500 2723 610 2795 ἀκτάν.

176 2822 367 2923 doceberis
391 2831 471 2900 θεὸν
493 2828 634 2919 ἀνάψαι.

175 3042 290 3128 5536.
323 3044 464 3107 Alterum
488 3064 585 3124 genus
608 3063 811 3108 numerorum
836 3055 1061 3125 concretorum,
1096 3045 1180 3124 quod

128 3150 376 3212 mmemorotione
393 3148 521 3228 dignum
537 3157 601 3228 est,
628 3149 659 3210 in
682 3147 866 3228 epitritis
889 3148 1085 3211 secundis
1108 3167 1180 3209 eer-

128 3273 184 3332 tur,
198 3254 252 3333 qui
264 3253 357 3333 vulgo
369 3253 400 3312 in
413 3253 571 3314 trochaicis
586 3253 689 3313 metris
702 3253 857 3314 numerari
870 3252 979 3314 solent.
1007 3253 1127 3314 Dictum
1141 3251 1180 3313 de

128 3381 133 3422 r
151 3359 184 3419 in
198 3357 272 3419 diss,
290 3356 329 3418 de
343 3366 509 3417 metrorum
522 3355 728 3435 quorumdam
745 3375 889 3418 mensuro
902 3355 1084 3436 rhythmica·
1100 3375 1179 3435 quae

128 3482 180 3524 am
198 3460 299 3521 libello
311 3459 349 3521 de
367 3460 471 3520 metris
480 3458 599 3520 Pindari
615 3460 646 3519 in
663 3461 791 3538 repetitu
807 3459 940 3521 editione
951 3461 1109 3538 lleyniana
1124 3461 1178 3521 in·
1220 3441 1223 3445 ⁴

128 3577 169 3628 ta
187 3574 243 3625 est.
272 3564 331 3625 llos
344 3564 480 3643 epitritos
497 3582 558 3625 non
574 3582 642 3624 esse
656 3562 795 3643 dipodius
809 3565 987 3642 trochaeos,
1007 3583 1068 3625 non
1080 3564 1179 3627 solum

141 3661 179 3730 eo
195 3677 336 3748 apertum
354 3675 414 3746 est,
440 3664 523 3747 quod
546 3665 720 3745 spondeus,
749 3685 809 3746 quo
830 3667 997 3744 liniuntur,
1025 3667 1180 3747 legitimus

128 3794 142 3835 s
159 3779 226 3851 est,
246 3770 302 3833 sed
318 3772 452 3851 postulat
468 3770 500 3832 id
516 3770 614 3830 omnis
631 3771 821 3850 carminum,
842 3773 872 3830 in
889 3770 1003 3850 quihus
1020 3789 1182 3851 usurpan-

128 3897 157 3956 r,
185 3875 398 3954 conformatio,
425 3894 504 3955 quae
528 3874 670 3935 trochaici
694 3874 815 3934 numeri
838 3873 993 3934 levitatem
1013 3875 1104 3955 plane
1119 3875 1182 3937 ad—

128 3990 270 4056 ernatur,
298 3979 518 4058 confirmatque
543 3997 607 4038 rem
631 3978 787 4038 harmonia
804 3977 929 4056 Dorico,
956 3996 1050 4059 quum
1067 3978 1183 4053 iis'ad-

128 4085 220 4146 eitam
236 4102 304 4144 esse
320 4101 359 4144 ex
374 4080 503 4143 Pindaro
520 4090 647 4143 constat.
