2804 4912
424 910 691 1008 LIBER
744 910 784 1008 Ι.

542 1125 659 1133 ——o

518 1286 630 1356 cAP.
657 1287 690 1356 1.

466 1439 524 1508 De
551 1461 739 1510 numero.

147 1607 220 1690 51.
253 1609 441 1670 Doctrina
458 1611 625 1670 metrica
648 1617 696 1670 est
710 1609 836 1669 scientia
853 1616 1029 1669 metrorum.
1064 1610 1146 1670 ue-

59 1724 166 1795 trum
181 1721 230 1773 est
244 1711 340 1772 series
355 1719 529 1790 temporum
545 1721 659 1774 certam
675 1729 853 1773 mensuram
869 1710 1059 1772 habentium.

150 1914 218 2000 §2
252 1920 448 1981 Numerus
462 1928 511 1980 est
524 1917 662 1980 ordinata
678 1919 831 1980 successio
845 1926 1028 1999 temporum.
1062 1918 1098 1979 Ei
1113 1919 1145 1978 in

59 2025 159 2105 spatio
180 2021 348 2102 respondet
369 2023 621 2102 symmetria,
648 2041 726 2102 quae
749 2031 797 2083 est
816 2023 985 2101 spatiorum
1008 2020 1145 2083 ordinata

62 2128 256 2189 continuitas
291 2127 396 2206 Itaque
418 2127 540 2187 numeri
562 2128 684 2206 propria
706 2136 780 2187 sunt
799 2136 953 2207 tempora,
977 2145 1145 2206 eorumque

63 2232 234 2307 successio,
260 2230 471 2310 symmetriae,
498 2231 614 2309 spatia,
640 2247 809 2310 eorumque
824 2231 1017 2292 continuitas
1049 2226 1145 2293 Gom-

60 2352 156 2396 mune
172 2332 334 2396 amborum
350 2331 423 2394 ordo
438 2343 500 2413 est,
527 2335 580 2413 qui
603 2342 650 2395 est
668 2332 827 2414 dispositio
841 2332 881 2395 ad
898 2334 995 2414 legem
1011 2333 1145 2412 aliquam

60 2437 152 2498 iacta.

148 2623 218 2707 53.
251 2626 328 2686 Eam
344 2626 442 2711 legem
457 2644 585 2689 necesse
607 2635 655 2688 est
675 2627 921 2690 obiectivam
943 2646 1049 2706 esse,
1075 2629 1094 2688 i.
1114 2645 1141 2687 e.

60 2733 94 2792 in
109 2731 176 2811 ipsa
190 2731 395 2792 successionis
410 2739 442 2791 et
452 2731 660 2792 continuitatis
672 2741 782 2793 natura
797 2732 937 2811 positam,
958 2732 1029 2810 quia
1044 2748 1089 2791 su
1098 2729 1145 2790 b-

59 2833 213 2895 iectiva
236 2835 305 2912 lex,
332 2835 352 2894 i.
372 2853 398 2894 e.
418 2852 498 2914 quae
513 2852 530 2893 e
545 2852 640 2896 sensu
655 2824 964 2896 animadvertentium
983 2831 1141 2914 penderet,

60 2938 207 3017 quoniam
224 2936 283 2999 sibi
299 2956 360 3000 non
374 2947 539 3017 constaret,
558 2956 597 2998 ne
613 2937 719 3000 haberi
734 2936 860 3018 quidem
875 2956 931 3017 pro
946 2938 1012 3017 lege
1027 2945 1140 3016 posset.

61 3040 136 3102 Esse
147 3049 254 3104 autem
266 3041 365 3122 legem
377 3042 512 3122 aliquam
525 3040 706 3104 obiectivam
717 3051 749 3102 et
759 3042 880 3102 numeri
892 3050 923 3102 et
934 3041 1140 3121 symmetriae,
1171 3074 1173 3079 ·

66 3162 146 3207 exeo
157 3153 302 3226 apertum
314 3154 371 3225 est,
387 3143 471 3226 quod
482 3163 562 3225 quae
576 3155 749 3224 temporum
762 3146 969 3226 spatiommve
981 3143 1146 3222 descriptio

60 3247 174 3312 habeat
187 3267 354 3311 numerum
370 3250 636 3328 symmetriamve,
660 3250 776 3330 pariter
797 3267 903 3310 omnes
918 3250 984 3311 sine
1000 3247 1145 3310 dissensu

59 3362 169 3433 sponte
184 3354 370 3433 intelligunt.

146 3561 171 3642 ξ
185 3558 218 3625 4.
252 3558 390 3622 Eandem
406 3560 505 3641 legem
521 3561 612 3621 etiam
628 3559 835 3621 formalem
857 3577 925 3621 esse
941 3569 1140 3639 necesseest,

57 3666 77 3726 i.
98 3684 127 3726 e.
146 3665 179 3726 in
198 3664 271 3726 solis
295 3661 486 3744 temporibus
508 3663 675 3743 spatiisque
691 3664 904 3743 conspicuam,
931 3682 993 3724 non
1017 3673 1145 3725 mate-

58 3768 92 3828 ri
101 3767 219 3848 alem,
240 3768 353 3828 sivein
368 3765 473 3847 rebus,
493 3785 572 3846 quae
587 3765 646 3829 sibi
661 3765 835 3828 succedunt
849 3766 899 3827 vel
913 3767 970 3828 loci
986 3767 1144 3828 continui-

58 3878 122 3932 tate
142 3869 463 3951 oomprehenduntur,
490 3871 596 3950 sitam,
621 3871 708 3930 utin
731 3869 859 3931 vocibus
881 3871 932 3932 vel
953 3869 1141 3951 corporibuS,

59 3976 132 4054 quia
149 3975 181 4034 in
192 3993 322 4036 numero
334 3976 574 4054 symmetriaque
585 3992 646 4034 non
659 3971 735 4054 quid
748 3973 807 4035 sibi
818 3972 963 4036 succedat
977 3991 1145 4052 coagmen-

59 4087 199 4139 tatumve
208 4079 264 4157 sit,
290 4077 357 4157 sed,
380 4076 533 4158 quidquid
548 4076 579 4138 id
595 4078 644 4155 sit,
663 4095 724 4157 qua
740 4077 805 4158 lege
821 4075 965 4139 succedat
979 4093 1144 4155 coagmen-

61 4189 200 4243 tatumve
215 4183 265 4260 sit,
283 4191 450 4261 spectatur.

112 4297 233 4340 normanni
241 4297 343 4350 Epitono
353 4297 423 4340 doctr.
434 4298 546 4340 metricae.
924 4298 934 4348 1
