<?xml version="1.0" encoding="UTF-8"?>
<!DOCTYPE html PUBLIC "-//W3C//DTD XHTML 1.0 Transitional//EN"
    "http://www.w3.org/TR/xhtml1/DTD/xhtml1-transitional.dtd">
<html xmlns="http://www.w3.org/1999/xhtml" xml:lang="en" lang="en">
 <head>
  <title>
</title>
<meta http-equiv="Content-Type" content="text/html;charset=utf-8" />
  <meta name='ocr-system' content='tesseract 3.04.00' />
  <meta name='ocr-capabilities' content='ocr_page ocr_carea ocr_par ocr_line ocrx_word'/>
</head>
<body>
  <div class='ocr_page' id='page_1' title='image "./godofrediherman00hermgoog/godofrediherman00hermgoog_0042.png"; bbox 0 0 2804 4912; ppageno 0'>
   <div class='ocr_carea' id='block_1_1' title="bbox 388 319 1160 396">
    <p class='ocr_par' dir='ltr' id='par_1_1' title="bbox 388 319 1160 396">
     <span class='ocr_line' id='line_1_1' title="bbox 388 319 1160 396; baseline -0.001 -19"><span class='ocrx_word' id='word_1_1' title='bbox 388 335 425 377; x_wconf 79' lang='lat' dir='ltr'>nr</span> <span class='ocrx_word' id='word_1_2' title='bbox 439 334 516 393; x_wconf 77' lang='lat' dir='ltr'>ruer,</span> <span class='ocrx_word' id='word_1_3' title='bbox 534 334 629 396; x_wconf 80' lang='lat' dir='ltr'>aursi,</span> <span class='ocrx_word' id='word_1_4' title='bbox 647 334 682 377; x_wconf 84' lang='lat' dir='ltr'>rr</span> <span class='ocrx_word' id='word_1_5' title='bbox 698 335 846 379; x_wconf 72' lang='lat' dir='ltr'>latenrer.</span> <span class='ocrx_word' id='word_1_6' title='bbox 1141 319 1160 376; x_wconf 80' lang='lat' dir='ltr'>t</span> 
     </span>
    </p>
   </div>
   <div class='ocr_carea' id='block_1_2' title="bbox 57 483 1194 2737">
    <p class='ocr_par' dir='ltr' id='par_1_2' title="bbox 57 483 1194 2737">
     <span class='ocr_line' id='line_1_2' title="bbox 160 483 1158 567; baseline 0.002 -19"><span class='ocrx_word' id='word_1_7' title='bbox 160 485 185 566; x_wconf 63' lang='grc' dir='ltr'><strong>ξ</strong></span> <span class='ocrx_word' id='word_1_8' title='bbox 202 483 253 550; x_wconf 84' lang='grc'>13.</span> <span class='ocrx_word' id='word_1_9' title='bbox 288 485 377 560; x_wconf 90' lang='lat' dir='ltr'>Quod</span> <span class='ocrx_word' id='word_1_10' title='bbox 400 487 426 549; x_wconf 89' lang='lat' dir='ltr'>si</span> <span class='ocrx_word' id='word_1_11' title='bbox 440 487 473 546; x_wconf 94' lang='lat' dir='ltr'>in</span> <span class='ocrx_word' id='word_1_12' title='bbox 488 488 625 549; x_wconf 84' lang='lat' dir='ltr'>numeris</span> <span class='ocrx_word' id='word_1_13' title='bbox 647 488 803 550; x_wconf 89' lang='lat' dir='ltr'>invenitur</span> <span class='ocrx_word' id='word_1_14' title='bbox 817 487 920 567; x_wconf 91' lang='lat' dir='ltr'>aliqua</span> <span class='ocrx_word' id='word_1_15' title='bbox 936 507 1045 549; x_wconf 79' lang='lat' dir='ltr'><strong>caussa</strong></span> <span class='ocrx_word' id='word_1_16' title='bbox 1061 488 1158 550; x_wconf 85' lang='lat' dir='ltr'>abso-</span> 
     </span>
     <span class='ocr_line' id='line_1_3' title="bbox 72 586 1194 670; baseline -0.001 -18"><span class='ocrx_word' id='word_1_17' title='bbox 72 591 154 668; x_wconf 89' lang='lat' dir='ltr'>luta,</span> <span class='ocrx_word' id='word_1_18' title='bbox 174 608 242 650; x_wconf 91' lang='lat' dir='ltr'>eam</span> <span class='ocrx_word' id='word_1_19' title='bbox 258 590 351 650; x_wconf 89' lang='lat' dir='ltr'>talem</span> <span class='ocrx_word' id='word_1_20' title='bbox 367 607 434 650; x_wconf 85' lang='lat' dir='ltr'>esse</span> <span class='ocrx_word' id='word_1_21' title='bbox 450 608 576 651; x_wconf 89' lang='lat' dir='ltr'>necesse</span> <span class='ocrx_word' id='word_1_22' title='bbox 592 599 654 667; x_wconf 91' lang='lat' dir='ltr'>est,</span> <span class='ocrx_word' id='word_1_23' title='bbox 677 610 756 670; x_wconf 90' lang='lat' dir='ltr'>quae</span> <span class='ocrx_word' id='word_1_24' title='bbox 772 589 984 651; x_wconf 86' lang='lat' dir='ltr'>tantummodo</span> <span class='ocrx_word' id='word_1_25' title='bbox 1000 600 1157 670; x_wconf 88' lang='lat' dir='ltr'>tamquam</span> <span class='ocrx_word' id='word_1_26' title='bbox 1191 586 1194 594; x_wconf 80' lang='grc'><em>’</em></span> 
     </span>
     <span class='ocr_line' id='line_1_4' title="bbox 72 691 1154 775; baseline -0.001 -19"><span class='ocrx_word' id='word_1_27' title='bbox 72 712 202 772; x_wconf 80' lang='lat' dir='ltr'>caussa,</span> <span class='ocrx_word' id='word_1_28' title='bbox 229 711 291 754; x_wconf 91' lang='lat' dir='ltr'>uon</span> <span class='ocrx_word' id='word_1_29' title='bbox 307 693 396 754; x_wconf 89' lang='lat' dir='ltr'>etiam</span> <span class='ocrx_word' id='word_1_30' title='bbox 413 701 572 772; x_wconf 78' lang='lat' dir='ltr'>tamquam</span> <span class='ocrx_word' id='word_1_31' title='bbox 588 693 715 756; x_wconf 82' lang='lat' dir='ltr'>effectus</span> <span class='ocrx_word' id='word_1_32' title='bbox 731 703 886 775; x_wconf 78' lang='lat' dir='ltr'>appareat.</span> <span class='ocrx_word' id='word_1_33' title='bbox 920 691 1012 771; x_wconf 79' lang='lat' dir='ltr'>Atqui</span> <span class='ocrx_word' id='word_1_34' title='bbox 1036 712 1154 772; x_wconf 84' lang='lat' dir='ltr'>caussa,</span> 
     </span>
     <span class='ocr_line' id='line_1_5' title="bbox 72 794 1153 876; baseline -0.002 -18"><span class='ocrx_word' id='word_1_35' title='bbox 72 815 154 876; x_wconf 92' lang='lat' dir='ltr'>quae</span> <span class='ocrx_word' id='word_1_36' title='bbox 170 794 384 857; x_wconf 88' lang='lat' dir='ltr'>tantummodo</span> <span class='ocrx_word' id='word_1_37' title='bbox 396 814 505 856; x_wconf 80' lang='lat' dir='ltr'>caussa</span> <span class='ocrx_word' id='word_1_38' title='bbox 519 805 575 874; x_wconf 92' lang='lat' dir='ltr'>est,</span> <span class='ocrx_word' id='word_1_39' title='bbox 592 796 666 857; x_wconf 89' lang='lat' dir='ltr'><strong>nihil</strong></span> <span class='ocrx_word' id='word_1_40' title='bbox 682 805 729 859; x_wconf 90' lang='lat' dir='ltr'>est</span> <span class='ocrx_word' id='word_1_41' title='bbox 743 798 802 858; x_wconf 90' lang='lat' dir='ltr'>nisi</span> <span class='ocrx_word' id='word_1_42' title='bbox 818 797 864 858; x_wconf 92' lang='lat' dir='ltr'>vis</span> <span class='ocrx_word' id='word_1_43' title='bbox 879 795 997 876; x_wconf 92' lang='lat' dir='ltr'>aliquid</span> <span class='ocrx_word' id='word_1_44' title='bbox 1009 795 1153 858; x_wconf 80' lang='lat' dir='ltr'>alliciens.</span> 
     </span>
     <span class='ocr_line' id='line_1_6' title="bbox 71 898 1158 981; baseline 0 -21"><span class='ocrx_word' id='word_1_45' title='bbox 71 901 181 978; x_wconf 89' lang='lat' dir='ltr'>ltaque</span> <span class='ocrx_word' id='word_1_46' title='bbox 196 917 306 961; x_wconf 84' lang='lat' dir='ltr'>caussa</span> <span class='ocrx_word' id='word_1_47' title='bbox 318 899 459 961; x_wconf 89' lang='lat' dir='ltr'>absoluta</span> <span class='ocrx_word' id='word_1_48' title='bbox 475 901 506 960; x_wconf 93' lang='lat' dir='ltr'>in</span> <span class='ocrx_word' id='word_1_49' title='bbox 522 900 658 961; x_wconf 91' lang='lat' dir='ltr'>numeris</span> <span class='ocrx_word' id='word_1_50' title='bbox 671 902 700 961; x_wconf 87' lang='lat' dir='ltr'>vi</span> <span class='ocrx_word' id='word_1_51' title='bbox 716 900 850 981; x_wconf 93' lang='lat' dir='ltr'>quadam</span> <span class='ocrx_word' id='word_1_52' title='bbox 866 898 1066 979; x_wconf 84' lang='lat' dir='ltr'>exprimenda</span> <span class='ocrx_word' id='word_1_53' title='bbox 1079 918 1158 961; x_wconf 93' lang='lat' dir='ltr'>con-</span> 
     </span>
     <span class='ocr_line' id='line_1_7' title="bbox 70 1003 1153 1084; baseline 0 -22"><span class='ocrx_word' id='word_1_54' title='bbox 70 1003 209 1063; x_wconf 87' lang='lat' dir='ltr'>tineatur</span> <span class='ocrx_word' id='word_1_55' title='bbox 223 1021 349 1063; x_wconf 89' lang='lat' dir='ltr'>necesse</span> <span class='ocrx_word' id='word_1_56' title='bbox 365 1010 427 1080; x_wconf 87' lang='lat' dir='ltr'>est,</span> <span class='ocrx_word' id='word_1_57' title='bbox 453 1021 531 1082; x_wconf 89' lang='lat' dir='ltr'>quae</span> <span class='ocrx_word' id='word_1_58' title='bbox 552 1004 663 1067; x_wconf 84' lang='lat' dir='ltr'>seriem</span> <span class='ocrx_word' id='word_1_59' title='bbox 678 1004 813 1084; x_wconf 87' lang='lat' dir='ltr'>aliquam</span> <span class='ocrx_word' id='word_1_60' title='bbox 833 1012 1005 1083; x_wconf 88' lang='lat' dir='ltr'>temporum</span> <span class='ocrx_word' id='word_1_61' title='bbox 1021 1003 1153 1084; x_wconf 83' lang='lat' dir='ltr'>incipiat.</span> 
     </span>
     <span class='ocr_line' id='line_1_8' title="bbox 72 1104 1158 1187; baseline 0.001 -21"><span class='ocrx_word' id='word_1_62' title='bbox 72 1104 106 1166; x_wconf 95' lang='lat' dir='ltr'>ld</span> <span class='ocrx_word' id='word_1_63' title='bbox 130 1113 253 1184; x_wconf 88' lang='lat' dir='ltr'>autem,</span> <span class='ocrx_word' id='word_1_64' title='bbox 279 1124 341 1186; x_wconf 94' lang='lat' dir='ltr'>quo</span> <span class='ocrx_word' id='word_1_65' title='bbox 360 1106 543 1185; x_wconf 76' lang='lat' dir='ltr'>exprimitur</span> <span class='ocrx_word' id='word_1_66' title='bbox 564 1125 599 1167; x_wconf 93' lang='lat' dir='ltr'>ea</span> <span class='ocrx_word' id='word_1_67' title='bbox 615 1108 679 1185; x_wconf 87' lang='lat' dir='ltr'>vis,</span> <span class='ocrx_word' id='word_1_68' title='bbox 705 1125 766 1168; x_wconf 94' lang='lat' dir='ltr'>non</span> <span class='ocrx_word' id='word_1_69' title='bbox 787 1115 889 1187; x_wconf 90' lang='lat' dir='ltr'>potest</span> <span class='ocrx_word' id='word_1_70' title='bbox 908 1125 970 1168; x_wconf 92' lang='lat' dir='ltr'>non</span> <span class='ocrx_word' id='word_1_71' title='bbox 991 1107 1022 1168; x_wconf 96' lang='lat' dir='ltr'>in</span> <span class='ocrx_word' id='word_1_72' title='bbox 1038 1106 1158 1167; x_wconf 80' lang='lat' dir='ltr'>fortiore</span> 
     </span>
     <span class='ocr_line' id='line_1_9' title="bbox 57 1207 1158 1289; baseline 0.001 -20"><span class='ocrx_word' id='word_1_73' title='bbox 57 1209 228 1286; x_wconf 87' lang='lat' dir='ltr'>notatione</span> <span class='ocrx_word' id='word_1_74' title='bbox 244 1209 373 1271; x_wconf 91' lang='lat' dir='ltr'>alicuius</span> <span class='ocrx_word' id='word_1_75' title='bbox 390 1209 481 1270; x_wconf 92' lang='lat' dir='ltr'>unius</span> <span class='ocrx_word' id='word_1_76' title='bbox 497 1210 643 1289; x_wconf 88' lang='lat' dir='ltr'>temporis</span> <span class='ocrx_word' id='word_1_77' title='bbox 657 1210 793 1289; x_wconf 88' lang='lat' dir='ltr'>positum</span> <span class='ocrx_word' id='word_1_78' title='bbox 808 1228 893 1272; x_wconf 89' lang='lat' dir='ltr'>esse:</span> <span class='ocrx_word' id='word_1_79' title='bbox 921 1207 1013 1289; x_wconf 93' lang='lat' dir='ltr'>idque</span> <span class='ocrx_word' id='word_1_80' title='bbox 1036 1211 1158 1271; x_wconf 93' lang='lat' dir='ltr'>ictum</span> 
     </span>
     <span class='ocr_line' id='line_1_10' title="bbox 73 1311 1154 1393; baseline 0.002 -20"><span class='ocrx_word' id='word_1_81' title='bbox 73 1330 233 1374; x_wconf 87' lang='lat' dir='ltr'>vocamus.</span> <span class='ocrx_word' id='word_1_82' title='bbox 259 1313 315 1373; x_wconf 90' lang='lat' dir='ltr'>Est</span> <span class='ocrx_word' id='word_1_83' title='bbox 330 1330 399 1392; x_wconf 78' lang='lat' dir='ltr'>ergo</span> <span class='ocrx_word' id='word_1_84' title='bbox 416 1313 515 1374; x_wconf 90' lang='lat' dir='ltr'>ictus</span> <span class='ocrx_word' id='word_1_85' title='bbox 530 1313 578 1373; x_wconf 92' lang='lat' dir='ltr'>vis</span> <span class='ocrx_word' id='word_1_86' title='bbox 594 1314 689 1373; x_wconf 89' lang='lat' dir='ltr'>maior</span> <span class='ocrx_word' id='word_1_87' title='bbox 704 1314 735 1374; x_wconf 94' lang='lat' dir='ltr'>in</span> <span class='ocrx_word' id='word_1_88' title='bbox 744 1311 882 1375; x_wconf 82' lang='lat' dir='ltr'>¹notando</span> <span class='ocrx_word' id='word_1_89' title='bbox 893 1312 997 1393; x_wconf 90' lang='lat' dir='ltr'>aliquo</span> <span class='ocrx_word' id='word_1_90' title='bbox 1008 1322 1154 1393; x_wconf 92' lang='lat' dir='ltr'>tempore,</span> 
     </span>
     <span class='ocr_line' id='line_1_11' title="bbox 71 1415 1158 1496; baseline 0.001 -19"><span class='ocrx_word' id='word_1_91' title='bbox 71 1433 216 1496; x_wconf 77' lang='lat' dir='ltr'>caussam</span> <span class='ocrx_word' id='word_1_92' title='bbox 241 1415 330 1476; x_wconf 90' lang='lat' dir='ltr'>seriei</span> <span class='ocrx_word' id='word_1_93' title='bbox 351 1423 523 1496; x_wconf 84' lang='lat' dir='ltr'>temporum</span> <span class='ocrx_word' id='word_1_94' title='bbox 545 1415 718 1478; x_wconf 82' lang='lat' dir='ltr'>absolutam</span> <span class='ocrx_word' id='word_1_95' title='bbox 741 1415 891 1478; x_wconf 91' lang='lat' dir='ltr'>indicans.</span> <span class='ocrx_word' id='word_1_96' title='bbox 924 1418 959 1478; x_wconf 94' lang='lat' dir='ltr'>ln</span> <span class='ocrx_word' id='word_1_97' title='bbox 982 1418 1158 1495; x_wconf 79' lang='lat' dir='ltr'>symmetria</span> 
     </span>
     <span class='ocr_line' id='line_1_12' title="bbox 71 1517 1158 1598; baseline 0 -18"><span class='ocrx_word' id='word_1_98' title='bbox 71 1528 176 1581; x_wconf 85' lang='lat' dir='ltr'>autem</span> <span class='ocrx_word' id='word_1_99' title='bbox 193 1519 219 1579; x_wconf 89' lang='lat' dir='ltr'>si</span> <span class='ocrx_word' id='word_1_100' title='bbox 235 1537 296 1598; x_wconf 92' lang='lat' dir='ltr'>qua</span> <span class='ocrx_word' id='word_1_101' title='bbox 312 1537 384 1598; x_wconf 92' lang='lat' dir='ltr'>pars</span> <span class='ocrx_word' id='word_1_102' title='bbox 400 1517 541 1582; x_wconf 89' lang='lat' dir='ltr'>absoluta</span> <span class='ocrx_word' id='word_1_103' title='bbox 556 1521 727 1591; x_wconf 86' lang='lat' dir='ltr'>invenitur,</span> <span class='ocrx_word' id='word_1_104' title='bbox 753 1538 821 1580; x_wconf 89' lang='lat' dir='ltr'>eam</span> <span class='ocrx_word' id='word_1_105' title='bbox 843 1519 934 1581; x_wconf 89' lang='lat' dir='ltr'>talem</span> <span class='ocrx_word' id='word_1_106' title='bbox 951 1538 1019 1581; x_wconf 92' lang='lat' dir='ltr'>esse</span> <span class='ocrx_word' id='word_1_107' title='bbox 1034 1538 1158 1581; x_wconf 87' lang='lat' dir='ltr'>necesse</span> 
     </span>
     <span class='ocr_line' id='line_1_13' title="bbox 71 1620 1157 1703; baseline -0.002 -18"><span class='ocrx_word' id='word_1_108' title='bbox 71 1632 133 1701; x_wconf 88' lang='lat' dir='ltr'>est,</span> <span class='ocrx_word' id='word_1_109' title='bbox 160 1631 198 1684; x_wconf 88' lang='lat' dir='ltr'>ut</span> <span class='ocrx_word' id='word_1_110' title='bbox 218 1640 286 1682; x_wconf 90' lang='lat' dir='ltr'>eam</span> <span class='ocrx_word' id='word_1_111' title='bbox 309 1620 385 1684; x_wconf 95' lang='lat' dir='ltr'>illud</span> <span class='ocrx_word' id='word_1_112' title='bbox 408 1640 489 1701; x_wconf 91' lang='lat' dir='ltr'>esse,</span> <span class='ocrx_word' id='word_1_113' title='bbox 520 1623 608 1684; x_wconf 85' lang='lat' dir='ltr'>cuius</span> <span class='ocrx_word' id='word_1_114' title='bbox 632 1632 731 1684; x_wconf 86' lang='lat' dir='ltr'>cetera</span> <span class='ocrx_word' id='word_1_115' title='bbox 754 1631 858 1703; x_wconf 85' lang='lat' dir='ltr'>partes</span> <span class='ocrx_word' id='word_1_116' title='bbox 881 1624 956 1700; x_wconf 92' lang='lat' dir='ltr'>siut,</span> <span class='ocrx_word' id='word_1_117' title='bbox 983 1641 1044 1682; x_wconf 93' lang='lat' dir='ltr'>non</span> <span class='ocrx_word' id='word_1_118' title='bbox 1067 1624 1157 1684; x_wconf 89' lang='lat' dir='ltr'>etiam</span> 
     </span>
     <span class='ocr_line' id='line_1_14' title="bbox 71 1723 1154 1807; baseline -0.001 -19"><span class='ocrx_word' id='word_1_119' title='bbox 71 1728 175 1807; x_wconf 90' lang='lat' dir='ltr'>ipsum</span> <span class='ocrx_word' id='word_1_120' title='bbox 198 1743 268 1788; x_wconf 90' lang='lat' dir='ltr'>esse</span> <span class='ocrx_word' id='word_1_121' title='bbox 290 1725 423 1805; x_wconf 89' lang='lat' dir='ltr'>aliquam</span> <span class='ocrx_word' id='word_1_122' title='bbox 447 1744 539 1786; x_wconf 88' lang='lat' dir='ltr'>unam</span> <span class='ocrx_word' id='word_1_123' title='bbox 563 1745 600 1786; x_wconf 84' lang='lat' dir='ltr'>ex</span> <span class='ocrx_word' id='word_1_124' title='bbox 622 1725 777 1806; x_wconf 90' lang='lat' dir='ltr'>partibus,</span> <span class='ocrx_word' id='word_1_125' title='bbox 804 1735 959 1806; x_wconf 88' lang='lat' dir='ltr'>appareat.</span> <span class='ocrx_word' id='word_1_126' title='bbox 997 1723 1091 1805; x_wconf 85' lang='lat' dir='ltr'>Atqui</span> <span class='ocrx_word' id='word_1_127' title='bbox 1113 1725 1154 1804; x_wconf 95' lang='lat' dir='ltr'>id,</span> 
     </span>
     <span class='ocr_line' id='line_1_15' title="bbox 74 1828 1157 1909; baseline 0.002 -19"><span class='ocrx_word' id='word_1_128' title='bbox 74 1830 161 1892; x_wconf 90' lang='lat' dir='ltr'>cuius</span> <span class='ocrx_word' id='word_1_129' title='bbox 177 1828 236 1890; x_wconf 90' lang='lat' dir='ltr'>alia</span> <span class='ocrx_word' id='word_1_130' title='bbox 251 1836 354 1908; x_wconf 91' lang='lat' dir='ltr'>partes</span> <span class='ocrx_word' id='word_1_131' title='bbox 370 1838 453 1907; x_wconf 90' lang='lat' dir='ltr'>sunt,</span> <span class='ocrx_word' id='word_1_132' title='bbox 473 1829 574 1891; x_wconf 88' lang='lat' dir='ltr'>unitas</span> <span class='ocrx_word' id='word_1_133' title='bbox 590 1838 646 1908; x_wconf 89' lang='lat' dir='ltr'>est,</span> <span class='ocrx_word' id='word_1_134' title='bbox 666 1828 815 1909; x_wconf 89' lang='lat' dir='ltr'>adquam</span> <span class='ocrx_word' id='word_1_135' title='bbox 831 1829 881 1890; x_wconf 92' lang='lat' dir='ltr'>illa</span> <span class='ocrx_word' id='word_1_136' title='bbox 898 1830 996 1891; x_wconf 90' lang='lat' dir='ltr'>omnia</span> <span class='ocrx_word' id='word_1_137' title='bbox 1013 1829 1157 1892; x_wconf 81' lang='lat' dir='ltr'>referun-</span> 
     </span>
     <span class='ocr_line' id='line_1_16' title="bbox 73 1931 1157 2014; baseline 0 -20"><span class='ocrx_word' id='word_1_138' title='bbox 73 1942 132 1994; x_wconf 91' lang='lat' dir='ltr'>tur.</span> <span class='ocrx_word' id='word_1_139' title='bbox 166 1933 275 2012; x_wconf 86' lang='lat' dir='ltr'>ltaque</span> <span class='ocrx_word' id='word_1_140' title='bbox 297 1949 369 2010; x_wconf 89' lang='lat' dir='ltr'>pars</span> <span class='ocrx_word' id='word_1_141' title='bbox 390 1931 528 1993; x_wconf 89' lang='lat' dir='ltr'>absoluta</span> <span class='ocrx_word' id='word_1_142' title='bbox 549 1933 580 1993; x_wconf 97' lang='lat' dir='ltr'>in</span> <span class='ocrx_word' id='word_1_143' title='bbox 599 1932 778 2013; x_wconf 85' lang='lat' dir='ltr'>symmetria</span> <span class='ocrx_word' id='word_1_144' title='bbox 799 1932 916 1993; x_wconf 82' lang='lat' dir='ltr'>unitate</span> <span class='ocrx_word' id='word_1_145' title='bbox 931 1933 1033 2012; x_wconf 91' lang='lat' dir='ltr'>aliqua</span> <span class='ocrx_word' id='word_1_146' title='bbox 1048 1935 1157 2014; x_wconf 86' lang='lat' dir='ltr'>expri-</span> 
     </span>
     <span class='ocr_line' id='line_1_17' title="bbox 72 2034 1158 2122; baseline 0 -24"><span class='ocrx_word' id='word_1_147' title='bbox 72 2034 186 2122; x_wconf 86' lang='lat' dir='ltr'>menda</span> <span class='ocrx_word' id='word_1_148' title='bbox 207 2036 395 2114; x_wconf 87' lang='lat' dir='ltr'>continetur,</span> <span class='ocrx_word' id='word_1_149' title='bbox 426 2034 582 2115; x_wconf 90' lang='lat' dir='ltr'>adquam</span> <span class='ocrx_word' id='word_1_150' title='bbox 609 2054 714 2097; x_wconf 91' lang='lat' dir='ltr'>omnes</span> <span class='ocrx_word' id='word_1_151' title='bbox 741 2037 910 2117; x_wconf 88' lang='lat' dir='ltr'>spatiorum</span> <span class='ocrx_word' id='word_1_152' title='bbox 937 2035 1158 2117; x_wconf 83' lang='lat' dir='ltr'>descriptiones</span> 
     </span>
     <span class='ocr_line' id='line_1_18' title="bbox 74 2138 1158 2219; baseline 0.003 -20"><span class='ocrx_word' id='word_1_153' title='bbox 74 2139 186 2200; x_wconf 87' lang='lat' dir='ltr'>relatae</span> <span class='ocrx_word' id='word_1_154' title='bbox 213 2147 311 2200; x_wconf 88' lang='lat' dir='ltr'>totum</span> <span class='ocrx_word' id='word_1_155' title='bbox 338 2138 413 2219; x_wconf 94' lang='lat' dir='ltr'>quid</span> <span class='ocrx_word' id='word_1_156' title='bbox 440 2138 582 2200; x_wconf 89' lang='lat' dir='ltr'>eiliciant.</span> <span class='ocrx_word' id='word_1_157' title='bbox 620 2138 654 2200; x_wconf 95' lang='lat' dir='ltr'>ld</span> <span class='ocrx_word' id='word_1_158' title='bbox 680 2148 802 2218; x_wconf 84' lang='lat' dir='ltr'>autom,</span> <span class='ocrx_word' id='word_1_159' title='bbox 833 2157 895 2218; x_wconf 96' lang='lat' dir='ltr'>quo</span> <span class='ocrx_word' id='word_1_160' title='bbox 917 2140 1100 2219; x_wconf 86' lang='lat' dir='ltr'>exprimitur</span> <span class='ocrx_word' id='word_1_161' title='bbox 1122 2161 1158 2202; x_wconf 89' lang='lat' dir='ltr'>ea</span> 
     </span>
     <span class='ocr_line' id='line_1_19' title="bbox 79 2242 1158 2324; baseline 0.002 -21"><span class='ocrx_word' id='word_1_162' title='bbox 79 2243 187 2321; x_wconf 90' lang='lat' dir='ltr'>unitas,</span> <span class='ocrx_word' id='word_1_163' title='bbox 202 2260 264 2303; x_wconf 90' lang='lat' dir='ltr'>non</span> <span class='ocrx_word' id='word_1_164' title='bbox 280 2251 380 2320; x_wconf 91' lang='lat' dir='ltr'>potest</span> <span class='ocrx_word' id='word_1_165' title='bbox 395 2260 455 2303; x_wconf 93' lang='lat' dir='ltr'>non</span> <span class='ocrx_word' id='word_1_166' title='bbox 471 2243 502 2304; x_wconf 94' lang='lat' dir='ltr'>in</span> <span class='ocrx_word' id='word_1_167' title='bbox 518 2251 631 2322; x_wconf 89' lang='lat' dir='ltr'>puncto</span> <span class='ocrx_word' id='word_1_168' title='bbox 647 2261 715 2305; x_wconf 90' lang='lat' dir='ltr'>esse</span> <span class='ocrx_word' id='word_1_169' title='bbox 730 2262 767 2305; x_wconf 89' lang='lat' dir='ltr'>oo</span> <span class='ocrx_word' id='word_1_170' title='bbox 783 2243 926 2322; x_wconf 89' lang='lat' dir='ltr'>positum,</span> <span class='ocrx_word' id='word_1_171' title='bbox 947 2242 1029 2322; x_wconf 95' lang='lat' dir='ltr'>quod</span> <span class='ocrx_word' id='word_1_172' title='bbox 1044 2245 1158 2324; x_wconf 89' lang='lat' dir='ltr'>pariter</span> 
     </span>
     <span class='ocr_line' id='line_1_20' title="bbox 75 2344 1158 2427; baseline 0.002 -21"><span class='ocrx_word' id='word_1_173' title='bbox 75 2345 129 2406; x_wconf 86' lang='lat' dir='ltr'>toti</span> <span class='ocrx_word' id='word_1_174' title='bbox 148 2345 316 2425; x_wconf 89' lang='lat' dir='ltr'>spatiorum</span> <span class='ocrx_word' id='word_1_175' title='bbox 337 2344 534 2427; x_wconf 90' lang='lat' dir='ltr'>descriptioni</span> <span class='ocrx_word' id='word_1_176' title='bbox 557 2364 718 2411; x_wconf 89' lang='lat' dir='ltr'>commuue</span> <span class='ocrx_word' id='word_1_177' title='bbox 738 2354 802 2408; x_wconf 88' lang='lat' dir='ltr'>est:</span> <span class='ocrx_word' id='word_1_178' title='bbox 828 2345 922 2424; x_wconf 92' lang='lat' dir='ltr'>idque</span> <span class='ocrx_word' id='word_1_179' title='bbox 944 2355 1095 2427; x_wconf 91' lang='lat' dir='ltr'>punctum</span> <span class='ocrx_word' id='word_1_180' title='bbox 1111 2356 1158 2408; x_wconf 92' lang='lat' dir='ltr'>est</span> 
     </span>
     <span class='ocr_line' id='line_1_21' title="bbox 72 2447 1157 2531; baseline 0.001 -21"><span class='ocrx_word' id='word_1_181' title='bbox 72 2447 228 2527; x_wconf 89' lang='lat' dir='ltr'>medium,</span> <span class='ocrx_word' id='word_1_182' title='bbox 254 2448 338 2528; x_wconf 93' lang='lat' dir='ltr'>quod</span> <span class='ocrx_word' id='word_1_183' title='bbox 353 2458 527 2511; x_wconf 91' lang='lat' dir='ltr'>centrum</span> <span class='ocrx_word' id='word_1_184' title='bbox 544 2458 678 2510; x_wconf 90' lang='lat' dir='ltr'>vocatur.</span> <span class='ocrx_word' id='word_1_185' title='bbox 712 2449 769 2513; x_wconf 83' lang='lat' dir='ltr'>Est</span> <span class='ocrx_word' id='word_1_186' title='bbox 783 2466 855 2529; x_wconf 81' lang='lat' dir='ltr'>ergo</span> <span class='ocrx_word' id='word_1_187' title='bbox 874 2459 1047 2512; x_wconf 90' lang='lat' dir='ltr'>centrum</span> <span class='ocrx_word' id='word_1_188' title='bbox 1070 2469 1157 2531; x_wconf 91' lang='lat' dir='ltr'>pun-</span> 
     </span>
     <span class='ocr_line' id='line_1_22' title="bbox 71 2552 1158 2633; baseline 0.001 -19"><span class='ocrx_word' id='word_1_189' title='bbox 71 2562 157 2614; x_wconf 88' lang='lat' dir='ltr'>ctum</span> <span class='ocrx_word' id='word_1_190' title='bbox 173 2552 301 2615; x_wconf 87' lang='lat' dir='ltr'>unicum</span> <span class='ocrx_word' id='word_1_191' title='bbox 324 2554 355 2612; x_wconf 92' lang='lat' dir='ltr'>in</span> <span class='ocrx_word' id='word_1_192' title='bbox 371 2552 473 2632; x_wconf 91' lang='lat' dir='ltr'>aliqua</span> <span class='ocrx_word' id='word_1_193' title='bbox 488 2552 691 2633; x_wconf 86' lang='lat' dir='ltr'>descriptione</span> <span class='ocrx_word' id='word_1_194' title='bbox 711 2553 895 2633; x_wconf 87' lang='lat' dir='ltr'>spatiorum,</span> <span class='ocrx_word' id='word_1_195' title='bbox 922 2554 1015 2615; x_wconf 90' lang='lat' dir='ltr'>totius</span> <span class='ocrx_word' id='word_1_196' title='bbox 1036 2554 1158 2617; x_wconf 85' lang='lat' dir='ltr'>descri-</span> 
     </span>
     <span class='ocr_line' id='line_1_23' title="bbox 70 2656 534 2737; baseline -0.006 -19"><span class='ocrx_word' id='word_1_197' title='bbox 70 2658 186 2737; x_wconf 89' lang='lat' dir='ltr'>ptionis</span> <span class='ocrx_word' id='word_1_198' title='bbox 201 2657 350 2718; x_wconf 83' lang='lat' dir='ltr'>unitatem</span> <span class='ocrx_word' id='word_1_199' title='bbox 366 2656 534 2717; x_wconf 90' lang='lat' dir='ltr'>continens.</span> 
     </span>
    </p>
   </div>
   <div class='ocr_carea' id='block_1_3' title="bbox 65 2859 1160 4184">
    <p class='ocr_par' dir='ltr' id='par_1_3' title="bbox 65 2859 1159 3872">
     <span class='ocr_line' id='line_1_24' title="bbox 65 2859 1153 2943; baseline -0.004 -17"><span class='ocrx_word' id='word_1_200' title='bbox 65 2885 69 2891; x_wconf 89' lang='lat'>·</span> <span class='ocrx_word' id='word_1_201' title='bbox 158 2862 183 2943; x_wconf 63' lang='grc' dir='ltr'><strong>ξ</strong></span> <span class='ocrx_word' id='word_1_202' title='bbox 200 2859 253 2926; x_wconf 87' lang='grc'>14.</span> <span class='ocrx_word' id='word_1_203' title='bbox 280 2865 395 2925; x_wconf 89' lang='lat' dir='ltr'>Caussa</span> <span class='ocrx_word' id='word_1_204' title='bbox 409 2862 549 2924; x_wconf 88' lang='lat' dir='ltr'>absoluta</span> <span class='ocrx_word' id='word_1_205' title='bbox 565 2863 685 2923; x_wconf 93' lang='lat' dir='ltr'>initium</span> <span class='ocrx_word' id='word_1_206' title='bbox 701 2872 749 2924; x_wconf 89' lang='lat' dir='ltr'>est</span> <span class='ocrx_word' id='word_1_207' title='bbox 764 2863 901 2923; x_wconf 87' lang='lat' dir='ltr'>numeri:</span> <span class='ocrx_word' id='word_1_208' title='bbox 920 2880 992 2942; x_wconf 90' lang='lat' dir='ltr'>pars</span> <span class='ocrx_word' id='word_1_209' title='bbox 1005 2864 1153 2941; x_wconf 87' lang='lat' dir='ltr'>absoluta,</span> 
     </span>
     <span class='ocr_line' id='line_1_25' title="bbox 71 2967 1158 3046; baseline -0.001 -18"><span class='ocrx_word' id='word_1_210' title='bbox 71 2967 211 3029; x_wconf 88' lang='lat' dir='ltr'>medium</span> <span class='ocrx_word' id='word_1_211' title='bbox 228 2967 343 3046; x_wconf 82' lang='lat' dir='ltr'>figurae</span> <span class='ocrx_word' id='word_1_212' title='bbox 365 2969 587 3045; x_wconf 89' lang='lat' dir='ltr'>symmetricae.</span> <span class='ocrx_word' id='word_1_213' title='bbox 621 2969 725 3028; x_wconf 90' lang='lat' dir='ltr'>Finem</span> <span class='ocrx_word' id='word_1_214' title='bbox 741 2967 862 3026; x_wconf 91' lang='lat' dir='ltr'>numeri</span> <span class='ocrx_word' id='word_1_215' title='bbox 879 2984 964 3044; x_wconf 91' lang='lat' dir='ltr'>vero,</span> <span class='ocrx_word' id='word_1_216' title='bbox 991 2968 1158 3027; x_wconf 91' lang='lat' dir='ltr'>terminos-</span> 
     </span>
     <span class='ocr_line' id='line_1_26' title="bbox 73 3070 1158 3151; baseline -0.004 -18"><span class='ocrx_word' id='word_1_217' title='bbox 73 3090 133 3150; x_wconf 89' lang='lat' dir='ltr'>que</span> <span class='ocrx_word' id='word_1_218' title='bbox 149 3071 268 3151; x_wconf 82' lang='lat' dir='ltr'>figurae</span> <span class='ocrx_word' id='word_1_219' title='bbox 280 3088 340 3130; x_wconf 92' lang='lat' dir='ltr'>non</span> <span class='ocrx_word' id='word_1_220' title='bbox 356 3070 427 3131; x_wconf 87' lang='lat' dir='ltr'>licet</span> <span class='ocrx_word' id='word_1_221' title='bbox 442 3070 617 3131; x_wconf 83' lang='lat' dir='ltr'>notionibus</span> <span class='ocrx_word' id='word_1_222' title='bbox 633 3090 671 3131; x_wconf 84' lang='lat' dir='ltr'>ex</span> <span class='ocrx_word' id='word_1_223' title='bbox 686 3071 750 3147; x_wconf 90' lang='lat' dir='ltr'>ipsa</span> <span class='ocrx_word' id='word_1_224' title='bbox 767 3070 889 3131; x_wconf 92' lang='lat' dir='ltr'>numeri</span> <span class='ocrx_word' id='word_1_225' title='bbox 901 3071 1158 3149; x_wconf 88' lang='lat' dir='ltr'>symmetriaeque</span> 
     </span>
     <span class='ocr_line' id='line_1_27' title="bbox 76 3172 1159 3254; baseline -0.001 -20"><span class='ocrx_word' id='word_1_226' title='bbox 76 3183 183 3236; x_wconf 90' lang='lat' dir='ltr'>natura</span> <span class='ocrx_word' id='word_1_227' title='bbox 199 3175 304 3254; x_wconf 90' lang='lat' dir='ltr'>petitis</span> <span class='ocrx_word' id='word_1_228' title='bbox 319 3172 463 3252; x_wconf 86' lang='lat' dir='ltr'>definire,</span> <span class='ocrx_word' id='word_1_229' title='bbox 490 3173 561 3253; x_wconf 93' lang='lat' dir='ltr'>quia</span> <span class='ocrx_word' id='word_1_230' title='bbox 584 3174 641 3234; x_wconf 88' lang='lat' dir='ltr'>hoc</span> <span class='ocrx_word' id='word_1_231' title='bbox 662 3182 759 3235; x_wconf 88' lang='lat' dir='ltr'>toturn</span> <span class='ocrx_word' id='word_1_232' title='bbox 783 3173 988 3253; x_wconf 84' lang='lat' dir='ltr'>experientiae</span> <span class='ocrx_word' id='word_1_233' title='bbox 1007 3181 1063 3233; x_wconf 89' lang='lat' dir='ltr'>est.</span> <span class='ocrx_word' id='word_1_234' title='bbox 1098 3172 1159 3234; x_wconf 89' lang='lat' dir='ltr'>Sed</span> 
     </span>
     <span class='ocr_line' id='line_1_28' title="bbox 73 3275 1154 3356; baseline -0.002 -18"><span class='ocrx_word' id='word_1_235' title='bbox 73 3287 104 3338; x_wconf 92' lang='lat' dir='ltr'>et</span> <span class='ocrx_word' id='word_1_236' title='bbox 117 3295 319 3340; x_wconf 90' lang='lat' dir='ltr'>numerorum</span> <span class='ocrx_word' id='word_1_237' title='bbox 340 3286 370 3338; x_wconf 90' lang='lat' dir='ltr'>ct</span> <span class='ocrx_word' id='word_1_238' title='bbox 391 3279 558 3356; x_wconf 75' lang='lat' dir='ltr'>figurarum</span> <span class='ocrx_word' id='word_1_239' title='bbox 581 3278 848 3355; x_wconf 87' lang='lat' dir='ltr'>symmetricarum</span> <span class='ocrx_word' id='word_1_240' title='bbox 863 3275 930 3347; x_wconf 86' lang='lat' dir='ltr'>duo¹</span> <span class='ocrx_word' id='word_1_241' title='bbox 946 3293 1057 3356; x_wconf 78' lang='lat' dir='ltr'>genera</span> <span class='ocrx_word' id='word_1_242' title='bbox 1072 3285 1154 3354; x_wconf 92' lang='lat' dir='ltr'>sunt,</span> 
     </span>
     <span class='ocr_line' id='line_1_29' title="bbox 72 3380 626 3461; baseline -0.005 -19"><span class='ocrx_word' id='word_1_243' title='bbox 72 3400 172 3442; x_wconf 91' lang='lat' dir='ltr'>unum</span> <span class='ocrx_word' id='word_1_244' title='bbox 188 3381 321 3461; x_wconf 74' lang='lat' dir='ltr'>simplos</span> <span class='ocrx_word' id='word_1_245' title='bbox 336 3389 372 3442; x_wconf 91' lang='lat' dir='ltr'>ut</span> <span class='ocrx_word' id='word_1_246' title='bbox 385 3381 417 3441; x_wconf 93' lang='lat' dir='ltr'>in</span> <span class='ocrx_word' id='word_1_247' title='bbox 433 3381 569 3442; x_wconf 89' lang='lat' dir='ltr'>numeris</span> <span class='ocrx_word' id='word_1_248' title='bbox 585 3380 626 3459; x_wconf 88' lang='lat' dir='ltr'>hi,</span> 
     </span>
     <span class='ocr_line' id='line_1_30' title="bbox 159 3485 560 3562; baseline 0.002 -34"><span class='ocrx_word' id='word_1_249' title='bbox 159 3486 223 3561; x_wconf 62' lang='lat' dir='ltr'>x&#39;sv,</span> <span class='ocrx_word' id='word_1_250' title='bbox 293 3487 379 3562; x_wconf 55' lang='lat' dir='ltr'>xvim,</span> <span class='ocrx_word' id='word_1_251' title='bbox 448 3485 560 3562; x_wconf 61' lang='lat' dir='ltr'>t‘lvw,</span> 
     </span>
     <span class='ocr_line' id='line_1_31' title="bbox 71 3585 1158 3667; baseline -0.002 -18"><span class='ocrx_word' id='word_1_252' title='bbox 71 3590 104 3649; x_wconf 94' lang='lat' dir='ltr'>in</span> <span class='ocrx_word' id='word_1_253' title='bbox 120 3588 229 3667; x_wconf 81' lang='lat' dir='ltr'>liguris</span> <span class='ocrx_word' id='word_1_254' title='bbox 244 3588 459 3667; x_wconf 82' lang='lat' dir='ltr'>synrmetricis,</span> <span class='ocrx_word' id='word_1_255' title='bbox 475 3587 618 3665; x_wconf 78' lang='lat' dir='ltr'>circuluS,</span> <span class='ocrx_word' id='word_1_256' title='bbox 638 3588 786 3667; x_wconf 85' lang='lat' dir='ltr'>pyramis,</span> <span class='ocrx_word' id='word_1_257' title='bbox 805 3585 1007 3666; x_wconf 88' lang='lat' dir='ltr'>quadratum;</span> <span class='ocrx_word' id='word_1_258' title='bbox 1027 3587 1158 3647; x_wconf 90' lang='lat' dir='ltr'>alterum</span> 
     </span>
     <span class='ocr_line' id='line_1_32' title="bbox 71 3689 1157 3772; baseline -0.002 -20"><span class='ocrx_word' id='word_1_259' title='bbox 71 3693 278 3770; x_wconf 86' lang='lat' dir='ltr'>compositum</span> <span class='ocrx_word' id='word_1_260' title='bbox 300 3698 339 3751; x_wconf 80' lang='lat' dir='ltr'>es</span> <span class='ocrx_word' id='word_1_261' title='bbox 360 3689 498 3752; x_wconf 92' lang='lat' dir='ltr'>eiusdem</span> <span class='ocrx_word' id='word_1_262' title='bbox 519 3691 640 3752; x_wconf 92' lang='lat' dir='ltr'>numeri</span> <span class='ocrx_word' id='word_1_263' title='bbox 660 3690 710 3750; x_wconf 88' lang='lat' dir='ltr'>vel</span> <span class='ocrx_word' id='word_1_264' title='bbox 732 3689 849 3772; x_wconf 74' lang='lat' dir='ltr'>figurae</span> <span class='ocrx_word' id='word_1_265' title='bbox 870 3690 1044 3767; x_wconf 85' lang='lat' dir='ltr'>iteratione,</span> <span class='ocrx_word' id='word_1_266' title='bbox 1071 3699 1105 3751; x_wconf 94' lang='lat' dir='ltr'>ut</span> <span class='ocrx_word' id='word_1_267' title='bbox 1125 3691 1157 3751; x_wconf 94' lang='lat' dir='ltr'>iu</span> 
     </span>
     <span class='ocr_line' id='line_1_33' title="bbox 71 3795 270 3872; baseline -0.01 -17"><span class='ocrx_word' id='word_1_268' title='bbox 71 3795 212 3855; x_wconf 91' lang='lat' dir='ltr'>numeris</span> <span class='ocrx_word' id='word_1_269' title='bbox 229 3796 270 3872; x_wconf 88' lang='lat' dir='ltr'>hi,</span> 
     </span>
    </p>

    <p class='ocr_par' dir='ltr' id='par_1_4' title="bbox 71 3895 1160 4184">
     <span class='ocr_line' id='line_1_34' title="bbox 160 3895 642 3979; baseline -0.004 -37"><span class='ocrx_word' id='word_1_270' title='bbox 160 3895 258 3943; x_wconf 66' lang='grc' dir='ltr'><strong>,ἰν-υ</strong></span> <span class='ocrx_word' id='word_1_271' title='bbox 271 3895 274 3979; x_wconf 55' lang='lat' dir='ltr'>y</span> <span class='ocrx_word' id='word_1_272' title='bbox 289 3900 386 3942; x_wconf 55' lang='lat' dir='ltr'>Lm)</span> <span class='ocrx_word' id='word_1_273' title='bbox 399 3895 402 3979; x_wconf 55' lang='lat' dir='ltr'>y</span> <span class='ocrx_word' id='word_1_274' title='bbox 417 3896 514 3943; x_wconf 62' lang='grc' dir='ltr'><em>Δυ..υ</em></span> <span class='ocrx_word' id='word_1_275' title='bbox 527 3896 531 3979; x_wconf 64' lang='grc' dir='ltr'>Ι</span> <span class='ocrx_word' id='word_1_276' title='bbox 544 3896 642 3942; x_wconf 55' lang='lat' dir='ltr'>Lau-t)</span> 
     </span>
     <span class='ocr_line' id='line_1_35' title="bbox 71 3999 1160 4081; baseline 0.001 -20"><span class='ocrx_word' id='word_1_277' title='bbox 71 4002 104 4061; x_wconf 95' lang='lat' dir='ltr'>in</span> <span class='ocrx_word' id='word_1_278' title='bbox 121 4001 227 4080; x_wconf 80' lang='lat' dir='ltr'>figuris</span> <span class='ocrx_word' id='word_1_279' title='bbox 243 3999 450 4081; x_wconf 87' lang='lat' dir='ltr'>pyramidum,</span> <span class='ocrx_word' id='word_1_280' title='bbox 471 4001 693 4080; x_wconf 90' lang='lat' dir='ltr'>columnarum,</span> <span class='ocrx_word' id='word_1_281' title='bbox 718 3999 865 4062; x_wconf 82' lang='lat' dir='ltr'>arborum</span> <span class='ocrx_word' id='word_1_282' title='bbox 880 4002 970 4061; x_wconf 90' lang='lat' dir='ltr'>certis</span> <span class='ocrx_word' id='word_1_283' title='bbox 985 4003 1160 4081; x_wconf 89' lang='lat' dir='ltr'>proportio-</span> 
     </span>
     <span class='ocr_line' id='line_1_36' title="bbox 72 4103 1160 4184; baseline -0.001 -20"><span class='ocrx_word' id='word_1_284' title='bbox 72 4103 168 4164; x_wconf 91' lang='lat' dir='ltr'>nibus</span> <span class='ocrx_word' id='word_1_285' title='bbox 183 4103 400 4184; x_wconf 81' lang='lat' dir='ltr'>dispositarum</span> <span class='ocrx_word' id='word_1_286' title='bbox 416 4104 652 4166; x_wconf 90' lang='lat' dir='ltr'>vicissitudines.</span> <span class='ocrx_word' id='word_1_287' title='bbox 687 4106 720 4164; x_wconf 92' lang='lat' dir='ltr'>lu</span> <span class='ocrx_word' id='word_1_288' title='bbox 743 4104 792 4165; x_wconf 88' lang='lat' dir='ltr'>his</span> <span class='ocrx_word' id='word_1_289' title='bbox 812 4103 954 4166; x_wconf 91' lang='lat' dir='ltr'>omnibus</span> <span class='ocrx_word' id='word_1_290' title='bbox 970 4103 1072 4183; x_wconf 82' lang='lat' dir='ltr'>regula</span> <span class='ocrx_word' id='word_1_291' title='bbox 1088 4122 1160 4164; x_wconf 90' lang='lat' dir='ltr'>cer-</span> 
     </span>
    </p>
   </div>
   <div class='ocr_carea' id='block_1_4' title="bbox 69 4208 1159 4288">
    <p class='ocr_par' dir='ltr' id='par_1_5' title="bbox 69 4208 1159 4288">
     <span class='ocr_line' id='line_1_37' title="bbox 69 4208 1159 4288; baseline -0.002 -18"><span class='ocrx_word' id='word_1_292' title='bbox 69 4208 156 4270; x_wconf 89' lang='lat' dir='ltr'>nitur</span> <span class='ocrx_word' id='word_1_293' title='bbox 178 4208 320 4288; x_wconf 89' lang='lat' dir='ltr'>empirica</span> <span class='ocrx_word' id='word_1_294' title='bbox 347 4209 393 4268; x_wconf 85' lang='lat' dir='ltr'>vol</span> <span class='ocrx_word' id='word_1_295' title='bbox 417 4208 542 4270; x_wconf 89' lang='lat' dir='ltr'>arbitrio</span> <span class='ocrx_word' id='word_1_296' title='bbox 563 4209 741 4287; x_wconf 87' lang='lat' dir='ltr'>constituta,</span> <span class='ocrx_word' id='word_1_297' title='bbox 774 4226 836 4271; x_wconf 93' lang='lat' dir='ltr'>una</span> <span class='ocrx_word' id='word_1_298' title='bbox 861 4217 948 4288; x_wconf 88' lang='lat' dir='ltr'>parte</span> <span class='ocrx_word' id='word_1_299' title='bbox 969 4226 1025 4287; x_wconf 94' lang='lat' dir='ltr'>pro</span> <span class='ocrx_word' id='word_1_300' title='bbox 1048 4225 1159 4268; x_wconf 91' lang='lat' dir='ltr'>norma</span> 
     </span>
    </p>
   </div>
   <div class='ocr_carea' id='block_1_5' title="bbox 0 0 1406 4912">
    <p class='ocr_par' dir='ltr' id='par_1_6' title="bbox 0 0 1406 4912">
     <span class='ocr_line' id='line_1_38' title="bbox 0 0 1406 4912; baseline 0 0"><span class='ocrx_word' id='word_1_301' title='bbox 0 0 1406 4912; x_wconf 95' lang='lat' dir='ltr'> </span> 
     </span>
    </p>
   </div>
  </div>
 </body>
</html>
