2804 4912
149 282 191 345 80
552 299 609 343 m.
629 300 661 342 ιι.
688 299 750 343 aar.
769 299 827 343 xm.

149 451 310 526 Quaedam
325 451 441 514 ionnae
457 469 581 532 perraro
595 454 806 531 inveniuntur,
826 463 861 515 ut
876 452 967 514 baec:

235 555 413 603 samu-ov

152 659 245 741 Soph.
266 658 342 723 Oed.
362 661 397 722 ll.
419 661 491 722 661.
513 662 584 722 690.

236 757 320 827 θεὸν
343 756 474 845 πρόμον
493 756 617 826 Ἅλιον.

238 859 332 943 ἅπαξ
351 856 469 947 μόνον·
491 855 564 929 ἴσθι
590 861 637 928 δέ.

236 1017 352 1102 §232
384 1022 487 1094 Quum
503 1019 567 1081 bini
585 1019 648 1081 iere
663 1019 796 1083 dochmii
812 1040 875 1084 uno
891 1039 985 1085 versu
1000 1022 1213 1103 coniungantur¹
1281 1028 1284 1039 “

152 1145 213 1188 non
236 1136 283 1187 est
305 1142 444 1204 necesse,
470 1134 505 1186 ut
526 1122 637 1203 singuli
659 1124 750 1205 pleno
766 1124 917 1188 voeabula
936 1127 1158 1205 terminentur,
1180 1120 1221 1185 sel

152 1248 244 1312 saepe
267 1228 487 1310 dispescuntur
508 1245 616 1305 voees,
642 1236 673 1289 et
695 1227 879 1310 plerumque
902 1228 1027 1309 quidem
1046 1240 1081 1291 ut
1096 1227 1227 1291 finianttu

153 1333 202 1397 vel
219 1334 249 1394 in
266 1333 363 1413 prima
379 1329 526 1411 secundi,
555 1329 603 1393 vel
620 1332 651 1391 in
667 1330 836 1411 penultima
852 1333 942 1414 primi
958 1330 1094 1394 dochmii
1110 1330 1232 1412 syllaba.

154 1436 263 1498 Aesob.
283 1436 380 1498 Prom.
402 1438 473 1497 376.
500 1435 531 1496 S.
552 1431 592 1496 ad
608 1433 664 1495 Tb.
686 1435 757 1495 l89.

241 1531 305 1602 ὑπὸ
329 1531 367 1601 oi
388 1531 623 1623 κηρόπλαστος
643 1526 759 1617 ὀτοβεῖ
780 1530 892 1615 δόναξ.

240 1634 286 1716 ὡς
307 1631 336 1704 δ’
358 1632 531 1724 ὑπέραυχα
552 1632 711 1722 βάζουσιν
734 1632 792 1703 ἐπὶ
818 1634 948 1704 πτόλει.

154 1747 188 1806 ln
204 1745 430 1827 antistrophiois
445 1742 590 1807 versibus
605 1743 714 1806 eadam
730 1742 928 1825 plerumque,
955 1762 1034 1824 quae
1056 1745 1088 1806 in
1104 1746 1247 1827 strophi-

155 1851 209 1929 ois,
233 1848 344 1912 divisio
359 1857 510 1911 servatur.
544 1848 644 1908 Etiam
661 1846 716 1909 ubi
731 1847 896 1909 solvuntur
910 1847 1027 1927 longae,
1052 1865 1152 1930 saepe
1167 1851 1248 1933 pn'or
1281 1896 1285 1905 .

156 1951 316 2016 dochmius
333 1954 364 2013 in
379 1953 477 2034 prima
496 1951 638 2013 vocabuli
654 1949 772 2029 syllaba
789 1950 902 2012 finitur.
930 1952 964 2012 ln
980 1949 1081 2014 Rheso
1096 1971 1131 2014 v,
1151 1955 1224 2016 131.

241 2049 322 2122 τάδε
345 2052 448 2132 δοκεῖ,
471 2046 553 2117 τάδε
573 2047 831 2134 μτ-ταθέμονος
852 2047 931 2116 νόει.

243 2207 357 2290 5233.
385 2212 418 2272 ln
430 2208 542 2271 mediis
553 2210 729 2289 systematis
745 2207 900 2271 interdum
913 2210 1020 2271 ultima
1032 2208 1250 2275 doohmlonrm

157 2332 271 2393 anoeps
287 2323 350 2393 est,
376 2322 407 2374 et
429 2314 543 2392 pariter
565 2312 682 2374 hiatum
706 2330 742 2373 ao
764 2304 891 2373 brevem
914 2311 1067 2391 syllabam
1083 2331 1144 2394 pro
1160 2316 1250 2397 longa

157 2417 300 2480 admittit.
335 2418 397 2478 lloo
412 2432 473 2476 non
491 2412 579 2476 modo
594 2416 626 2475 in
642 2413 904 2477 interiectionibus
919 2415 969 2495 iit,
996 2425 1030 2478 ut
1045 2406 1110 2495 ἒέ,
1135 2409 1181 2480 tot
1199 2408 1251 2499 ἶν’,
1281 2402 1286 2469 ’ἱ

160 2511 233 2584 ἰδοὺ
252 2511 338 2596 ἰδού,
362 2517 418 2580 sed
438 2519 529 2580 etiam
546 2519 576 2581 in
592 2516 826 2580 allocutionibus
841 2536 898 2599 per
912 2523 1105 2581 vocativum:
1134 2506 1247 2603 Eurip.

158 2624 228 2686 ller.
249 2623 307 2686 lur.
329 2624 401 2685 873.
1244 2638 1247 2643 ·
1284 2634 1286 2641 ·

245 2721 303 2790 τὸν
325 2712 442 2805 ἄνθος,
465 2717 576 2802 πόλις,
601 2715 620 2786 ὁ
641 2717 728 2798 Διὸς
749 2716 890 2808 ἔκγονος.

158 2830 197 2893 Et
211 2830 266 2893 ubi
282 2829 361 2892 idem
378 2814 510 2891 verbuli]
527 2829 685 2910 repetitur,
711 2826 760 2890 vel
777 2837 847 2888 ante
862 2829 1084 2909 repetitionem,
1110 2830 1165 2891 vel
1182 2842 1252 2912 post

159 2954 241 3014 eam,
270 2935 341 3014 quia
365 2942 496 3013 utroque
517 2932 582 2993 looo
605 2934 636 2992 in
660 2928 816 2993 renitando
831 2949 928 3010 pausa
945 2932 1008 2992 fieri
1025 2932 1119 2993 solet:
1151 2935 1248 3016 Soph.

160 3038 260 3118 Antig.
283 3037 374 3098 t323.
396 3037 489 3098 1319.

246 3130 341 3225 ἄγετέ
365 3129 399 3218 μ’
421 3130 475 3203 ὅτι
496 3132 606 3217 τάχος,
630 3127 726 3221 ἄγετέ
746 3130 781 3218 μ’
805 3131 967 3201 ἐκποδών.

248 3238 310 3327 ἐγώ
333 3234 394 3326 γάρ
418 3232 459 3319 o',
484 3235 547 3324 ἐγώ
570 3233 696 3318 ἔκανον,
720 3227 747 3302 ὦ
767 3236 894 3320 μέλεος.

160 3346 324 3428 Euripides
339 3343 484 3407 Androm.
506 3347 578 3405 811.
599 3345 727 3406 fortasse
742 3346 879 3425 scripsit:

248 3438 388 3526 ἀπόδος,
412 3434 439 3510 ὦ
462 3438 573 3533 φίλος,
596 3437 737 3527 ἀπόδος,
760 3437 909 3510 ἀνταίαν.

160 3552 279 3616 Deinde
300 3551 354 3614 ubi
376 3569 506 3633 persona
523 3561 674 3631 mutatur,
702 3553 781 3615 utin
798 3549 916 3631 llippol.
938 3548 1009 3629 572,
1037 3548 1090 3611 ubi
1106 3568 1255 3633 sequen-

161 3669 223 3719 tem
240 3674 363 3718 versum
379 3656 436 3717 alia
451 3674 492 3716 ex
508 3654 635 3718 ohoricis
650 3652 832 3717 mulieribus
848 3653 956 3714 habet:
985 3670 1013 3713 V.
1033 3652 1130 3716 Elem.
1152 3655 1186 3718 d.
1209 3677 1250 3720 m.

161 3781 193 3842 p.
213 3762 292 3823 919.
321 3758 478 3821 interdum
500 3768 625 3840 propter
647 3776 781 3839 sequens
803 3774 915 3818 nomen
930 3757 1099 3835 proprium.
1133 3757 1251 3823 Aesob.

163 3866 270 3945 Agam.
292 3865 385 3925 4452.

250 3955 407 4050 ἀκόρετος
427 3966 522 4047 βοᾶς,
546 3967 621 4053 φοῦ,
644 3957 819 4038 ταλαίναις
841 3959 959 4052 φρεσὶν

242 4058 330 4133 Ἴτυν
347 4057 436 4131 Ἴτυν
458 4059 604 4132 οτένουο’
628 4059 810 4155 &paleato
832 4068 958 4141 κακοῖς.

165 4176 248 4239 Prior
262 4173 372 4235 horum
387 4190 535 4265 versuum
551 4192 569 4233 a
584 4170 759 4233 dochmiaoo
775 4170 1019 4250 hypercataleoto
1034 4170 1150 4250 incipit.
