2804 4912
257 301 321 364 226
642 320 698 362 nm.
719 319 764 362 m.
795 319 858 362 car.
877 319 959 362 xrm.

345 469 459 553 5613.
494 473 560 533 aua
577 474 653 534 ratio
668 481 716 533 est
733 491 878 534 versuum
896 490 1106 550 nexorum,
1134 471 1365 551 quiquoniam

260 598 321 640 una
337 577 542 656 perpetuitate
557 578 679 638 numeri
694 576 872 654 cohaerent,
899 595 959 637 non
982 575 1037 638 ubi
1058 594 1209 637 numerus
1224 574 1349 637 finiatur
1387 606 1392 651 ρ

263 683 335 764 (non
358 681 464 742 finitur
486 681 568 740 enim
591 681 650 762 pisi
676 698 746 741 cum
774 682 840 759 ipso
862 680 1054 762 systemate),
1084 679 1141 741 se'd
1164 679 1219 741 ubi
1242 684 1334 758 paracl

258 788 326 847 eius
341 783 602 846 disterminandae
617 785 695 863 sint,
721 785 890 863 quaeritur.
925 784 964 842 Et
984 784 1085 863 primo
1099 782 1228 863 quidem
1248 788 1324 844 usus

260 887 473 950 observandus
495 896 558 966 cst,
584 888 639 967 qui
658 885 795 967 diligenti
817 889 972 948 notatione
987 887 1121 966 optimae
1138 886 1327 949 membmmm

259 992 417 1054 divisionis
443 992 601 1071 colligitur.
641 991 680 1053 Vt
705 990 761 1051 ubi
786 992 900 1071 epitriti
926 1009 996 1052 cum
1022 990 1187 1072 dactylicis
1211 990 1329 1053 numcrlt

258 1097 482 1174 consociantur,
502 1094 599 1157 veluti

343 1213 703 1261 L·.rL...'vL.Lw-w.

258 1339 298 1398 ita
315 1337 378 1398 lere
395 1335 533 1397 membra
550 1336 648 1399 divisa
665 1353 733 1396 esse
749 1337 962 1416 intelligimus,
989 1345 1039 1416 ut,
1062 1355 1144 1416 quae
1161 1326 1285 1417 syllaba
1298 1346 1345 1399 aul

259 1440 354 1506 thesis
377 1440 486 1500 liniens
508 1439 700 1519 membrum,
731 1448 785 1501 aut
810 1441 968 1501 anaerusis
994 1439 1173 1501 membrum
1201 1441 1347 1522 incipiens
1390 1518 1392 1527 Ι

258 1562 325 1605 esse
340 1551 450 1623 potest,
470 1543 565 1605 thesis
580 1545 683 1623 potius
699 1561 767 1604 esse
783 1544 895 1605 soleat:

259 1803 352 1864 quam
368 1785 544 1847 anacrusis:

342 1904 509 1952 LvL-Lv-
525 1903 530 1990 Ι
547 1904 741 1952 έυυ-υυ.

341 2128 457 2210 §614
492 2131 607 2193 Deinde
623 2134 715 2193 etiam
737 2133 768 2190 in
785 2125 927 2191 versibus
951 2131 1039 2191 nexis
1059 2149 1263 2195 mensura
1284 2156 1353 2198 ao-

256 2252 349 2313 ccps
365 2235 458 2295 finem
474 2234 683 2296 membrorum
700 2232 823 2315 iudicat,
843 2234 897 2294 sed
914 2243 1034 2294 tantum
1050 2235 1081 2294 iu
1097 2234 1214 2297 thesi
1232 2257 1352 2318 spcu-

257 2336 373 2398 diaca
395 2339 672 2417 epitritorum,
698 2347 730 2399 et
751 2339 783 2397 in
806 2336 911 2398 thesi
932 2339 1229 2418 antispastica.
1264 2343 1352 2403 Et'in

256 2449 386 2521 utraque
403 2441 529 2520 quidem
545 2460 606 2503 non
621 2442 721 2503 solum
738 2443 770 2502 in
785 2441 846 2503 fine
863 2440 1020 2520 vocabuli,
1043 2440 1099 2502 scd
1119 2444 1221 2504 etiam
1238 2445 1271 2505 in
1287 2463 1352 2505 me-

257 2542 306 2604 dia
323 2563 407 2605 voce.
433 2544 583 2607 Pindarus
599 2545 646 2606 01.
666 2545 713 2607 Vl.
735 2545 785 2605 30.

342 2655 440 2746 ἀνδρὶ
463 2658 576 2744 κώμου
600 2657 750 2751 δεσπότᾳ
773 2658 843 2750 πάρ
858 2700 875 2712 -
891 2684 962 2728 acu
982 2658 1201 2751 Συρακοσίῳ.

256 2784 427 2867 Aeschylus
444 2788 525 2847 Pers.
547 2787 618 2848 282.
639 2787 711 2847 288.

342 2897 478 2981 ἔθεσαν,
504 2899 590 2985 αἰαῖ,
607 2940 624 2951 -
640 2908 784 2988 στρατοῦ
805 2899 1007 2992 φθαρέντος.

341 3001 474 3072 ἔκτισαν
496 2998 565 3072 nive
580 3044 597 3055 -
613 3006 675 3084 δας
695 3000 747 3095 ἠδ’
771 3000 963 3095 ἀνάνδρους.

341 3243 365 3323 ὁ
378 3239 457 3306 615.
488 3244 630 3322 Magnum
645 3252 861 3323 argumentum
876 3262 966 3324 porro
981 3262 998 3303 a
1015 3242 1218 3309 divisione
1234 3268 1349 3311 voea-

254 3345 431 3408 bulorum
459 3344 664 3426 depromitur,
693 3348 783 3408 cuius
805 3347 881 3408 haec
907 3347 1005 3408 virtus
1027 3357 1090 3427 est,
1121 3359 1157 3410 ut
1182 3370 1348 3415 numerum

254 3450 395 3511 vocabuli
418 3450 541 3511 salvum
556 3467 624 3511 esse
640 3452 788 3531 patiatur,
816 3452 887 3531 quia
911 3449 1036 3513 sublato
1049 3470 1085 3512 eo
1101 3452 1153 3514 vel
1174 3455 1348 3536 interrupto

254 3563 307 3615 aut
323 3552 410 3616 aliud
425 3561 479 3614 aut
494 3552 557 3614 duo
571 3553 721 3635 vocabula
736 3555 887 3616 exstitura
903 3562 1016 3616 essent.

340 3784 363 3866 ξ
383 3782 462 3850 616.
504 3787 544 3848 Et
565 3805 662 3866 quum
686 3787 716 3847 in
740 3787 823 3847 omni
843 3785 993 3847 vocabulo
1016 3795 1071 3848 aut
1093 3789 1175 3850 arsis
1200 3801 1233 3853 et
1255 3791 1346 3854 thesis

167 3944 170 3950 ⁴
254 3889 422 3968 alternent,
448 3898 502 3949 aut
524 3888 605 3950 duae
621 3908 706 3952 arses
721 3892 959 3970 coniungantur,
985 3892 1146 3953 anaemsis
1160 3903 1273 3957 autam
1288 3914 1345 3957 non

193 4037 196 4041 J
254 3993 312 4052 nisi
328 3994 359 4052 in
375 3993 459 4052 initio
473 3995 557 4054 vocis
579 3993 680 4056 locum
703 3993 833 4055 habeat:
860 4002 1001 4074 apertum
1016 4002 1078 4074 est,
1104 3996 1139 4055 in
1161 4001 1345 4063 universum

253 4096 332 4157 hano
346 4096 546 4176 principalem
562 4116 630 4158 esse
645 4097 798 4177 regulam,
825 4117 886 4176 ne,
912 4099 939 4159 si
954 4098 1019 4159 lieri
1034 4101 1148 4180 possit,
1174 4120 1345 4165 anacru0

252 4201 305 4259 sis
325 4200 361 4259 in
386 4197 507 4260 media
530 4221 620 4261 voce
644 4210 708 4262 aut
732 4204 766 4262 iu
791 4201 868 4262 line
889 4202 972 4264 cius
992 4204 1213 4269 constituatur.
1247 4207 1344 4269 Potes
