2804 4912
126 222 188 284 202
525 241 580 282 nm.
602 241 645 282 ιιι.
673 241 734 281 car.
754 241 805 282 ιιιι.

209 393 232 474 5
247 391 324 457 552.
352 396 385 454 ln
397 395 525 474 singulis
537 393 678 475 partibus
690 395 823 473 numeri,
839 395 906 456 sive
921 393 1128 474 membris,
1145 403 1243 466 ter—-⁴¹

125 498 249 558 minatio
265 498 443 559 caesuris
458 507 529 578 apte
545 497 768 560 constituendis
785 496 1005 577 variandisque
1020 499 1243 570 continetur-1

125 600 164 663 de
180 620 241 680 qua
257 620 290 662 re
311 602 343 661 in
358 602 487 682 singulis
503 621 652 664 versuum
673 601 840 682 generibus
863 601 998 681 dictum,
1026 601 1160 663 maximo
1179 601 1243 671 ii

125 706 263 768 trimetro
279 704 410 767 iambico
425 715 456 767 et
470 724 566 768 versu
580 706 712 768 heroico.

209 943 324 1028 5553.
356 949 556 1010 Mensurae
583 948 820 1011 conformatione
841 966 936 1027 quam
957 945 1082 1010 diversa
1103 948 1150 1010 vis
1172 967 1243 1023 ,ξ

123 1049 261 1114 eiusdem
278 1053 415 1130 numeri,
440 1053 472 1113 in
493 1052 603 1115 iisdem
621 1054 744 1131 metris,
772 1061 838 1113 tum
855 1052 946 1113 etiam
963 1052 995 1111 in
1010 1052 1243 1132 anapaestiQ

124 1157 331 1236 significatum
345 1165 403 1217 est.
436 1156 568 1218 Pertinet
582 1156 644 1217 huc
665 1158 756 1218 etiam
773 1155 864 1235 illud,
889 1153 974 1235 quod
989 1154 1159 1235 elegantius

124 1260 185 1320 fine
201 1276 310 1320 versus
323 1278 382 1321 vox
398 1260 430 1319 in
444 1259 534 1340 longa
550 1260 670 1341 syllaba
686 1261 861 1340 requiescit,
881 1258 1066 1338 praesertim
1080 1257 1134 1322 ubi
1147 1278 1243 1337 ιιη

125 1381 228 1426 merus
245 1364 365 1444 longam
381 1363 528 1442 requirit,
548 1371 583 1425 ut
598 1364 630 1423 in
644 1373 836 1446 pentametro
851 1361 993 1442 elegiaco.

210 1601 326 1685 5554.
353 1607 613 1669 Licentiarum
642 1625 719 1668 usus
740 1606 771 1667 in
799 1621 1048 1687 caesurarum
1074 1603 1174 1667 obse
1191 1632 1226 1673 ι.

126 1709 282 1770 vatione
296 1709 346 1770 vel
362 1710 620 1791 neglectione,
641 1708 826 1788 modoque
842 1726 1045 1770 mensurae
1062 1716 1214 1795 versatur,

126 1833 223 1892 quum
233 1813 290 1874 alia
304 1823 483 1894 argumenta
496 1813 599 1876 minas
611 1833 718 1875 severe
728 1811 876 1874 custodiri
887 1830 1042 1894 caesuras,
1057 1811 1209 1895 pedesque

123 1916 246 1978 admitti
268 1918 457 1978 irrationales
483 1918 654 1997 patiantur,
680 1916 739 1978 alia
759 1915 922 1996 diligenter
941 1917 1081 1997 regulam
1100 1915 1200 1979 obser-

123 2022 190 2081 vari
201 2021 372 2099 postulent;
392 2028 458 2081 tum
471 2022 562 2082 etiam
575 2021 607 2080 in
617 2018 826 2100 prosodiae
842 2027 1136 2103 temperamento
1151 2036 1194 2099 pro

124 2133 238 2203 aetate,
258 2142 385 2204 genere,
405 2134 647 2204 argumentoque
663 2124 816 2186 carminis.

209 2363 325 2446 5555.
360 2367 529 2429 Plurium
554 2384 802 2430 numerorum
828 2366 1054 2429 coniunctio
1079 2367 1115 2426 ita
1136 2371 1182 2422 tra-

125 2468 236 2531 ctanda
253 2478 310 2548 est,
330 2478 365 2531 ut
376 2471 474 2550 primo
490 2472 740 2551 congruentia
756 2479 924 2552 spectetur.
950 2471 1028 2532 Nam
1042 2485 1136 2533 versus
1144 2478 1181 2545 ptr
1226 2460 1229 2481 ''

126 2592 159 2635 se
175 2575 281 2655 optimi
303 2575 329 2635 si
345 2575 385 2636 ita
402 2576 641 2655 coniungantur,
668 2585 702 2638 ut
722 2576 843 2636 numeri
865 2593 927 2636 non
948 2584 1020 2656 apte
1035 2574 1177 2654 alprat

125 2697 186 2738 non
198 2676 390 2741 videbuntur
401 2687 482 2740 recte
495 2697 593 2740 unum
605 2677 762 2759 quoddam
774 2697 811 2739 ac
822 2688 922 2740 totum
934 2678 1065 2741 efficere.
1089 2674 1179 2740 thrtt

126 2782 249 2860 stropha
264 2779 400 2861 Alcaica,
420 2800 482 2843 una
499 2781 618 2861 syllaba
632 2781 754 2863 addita,
774 2802 836 2846 una
853 2782 995 2864 dempta:

210 2919 353 2982 descende
368 2921 461 2999 coelo,
481 2928 510 2982 et
524 2920 583 3002 dic,
603 2939 669 3004 ope,
689 2920 763 2984 tibio

210 3024 318 3106 rapina
335 3023 454 3106 loapum
473 3023 629 3106 Calliopea
644 3024 745 3104 melca,

253 3145 307 3190 seu
322 3145 392 3188 voce
408 3147 488 3190 ocae
505 3129 604 3189 mavis
620 3134 720 3208 acuto,

297 3248 351 3292 seu
363 3229 475 3312 fidibus
491 3231 597 3312 tyrone
612 3231 732 3294 Phoebi.

210 3470 325 3552 5556.
358 3472 500 3535 Secunda
524 3493 595 3553 pars
618 3475 803 3536 tractationis
826 3476 857 3534 in
887 3493 989 3535 nexu
1016 3488 1146 3535 numeror

126 3578 224 3657 posita
239 3586 301 3656 est,
326 3578 380 3657 qui
400 3576 538 3658 gradu,
563 3577 689 3658 modo,
714 3579 971 3640 conversione
993 3577 1104 3640 differt.

211 3815 323 3899 5557.
356 3819 507 3882 Gradus
537 3819 683 3882 nectendi
709 3830 771 3882 tres
798 3828 887 3899 sunt,
921 3821 1119 3882 consecuti

126 3942 223 4003 quum
240 3923 309 3984 linis
328 3942 474 3986 versuum
490 3925 560 3986 linis
575 3933 623 3986 est
646 3925 738 3986 etiam
754 3924 891 4001 numeri,
917 3942 995 4003 quos
1011 3942 1109 3987 versu

124 4047 244 4089 nexos
268 4046 428 4088 vocamus:
456 4017 765 4114 dovvcocqot'p,
782 4047 880 4108 quum
896 4025 987 4089 modo
1001 4047 1100 4108 perpe

126 4130 216 4194 modo
231 4151 293 4194 nou
311 4139 514 4212 perpetuatur
530 4150 697 4210 numerus,
724 4132 777 4212 qui
799 4141 872 4193 sunt
895 4151 1004 4195 versus
1027 4151 1093 4194 ser
