2804 4912
156 292 217 354 170
568 314 624 356 ιιι.
644 314 688 356 ιιι.
716 313 778 358 err.
798 315 830 356 u.

243 467 281 526 λθ
310 457 467 538 Σικελίας
484 460 640 550 Ζεφύρου
663 468 786 539 πνοαῖς

309 559 537 642 ἱππεύσαντος
558 563 592 631 ἐν
614 560 747 654 οόρανηῖ

361 661 539 734 κάλλιστον
560 666 743 758 κελάδημα,

309 769 433 848 πόλεος
448 767 698 859 ἐκπροκριθεῐά
723 771 805 856 ἐμάς

309 871 576 957 καλλιστεύματα
599 871 733 964 Λοξίᾳ·

360 975 541 1061 Καδμείων
562 972 591 1044 δ’
614 974 735 1061 ἔμολον
757 983 827 1064 γᾶν,

360 1082 496 1149 κλεινῶν
511 1075 725 1170 Ἀγηνοριδᾶν

222 1270 226 1277 ¹
262 1194 280 1253 5
311 1183 482 1273 ὁμογενεῖς
504 1183 563 1252 ἐπί
584 1183 702 1252 Λαΐου

360 1281 548 1379 πεμφθεῖά
572 1286 696 1357 ἐνθάδε
717 1288 872 1379 πόργους,

310 1394 364 1458 ἵνα
384 1389 411 1459 τ’
432 1387 601 1479 άγάλμασι
623 1392 799 1481 χρυσεοτί-

308 1520 381 1574 κοις
406 1493 520 1583 Φοίβῳ
544 1492 659 1585 λάτρις
682 1494 832 1584 γενόμαν.

310 1597 359 1666 ἔτι
381 1597 419 1666 δέ
440 1595 637 1676 Κασταλίας
660 1597 748 1686 όδωρ

242 1711 279 1769 λθ
312 1700 460 1785 ἐπιμένει
482 1726 524 1785 με
547 1699 654 1785 κόμας
677 1701 760 1787 ἐμάς

308 1809 424 1873 δεῦσαι
448 1803 636 1890 παρθένιον
656 1804 774 1889 χλιδὰν

361 1904 557 1993 Φοιβείαισι
580 1905 760 1996 λατρείαις.

154 2070 290 2152 Apparet
305 2080 359 2131 aut
373 2069 469 2129 semel
485 2077 606 2130 tanturn
621 2068 699 2130 duas
715 2068 826 2131 breves
841 2073 895 2131 uni
914 2071 1022 2151 leugae
1039 2072 1209 2154 respondere,
1245 2046 1253 2155 η’

155 2197 184 2237 v.
206 2178 234 2236 5.
262 2173 315 2235 ubi
344 2192 455 2233 nomen
476 2174 636 2253 proprium
658 2191 715 2234 suo
735 2174 800 2233 iure
822 2173 950 2253 fruitur,
983 2186 1038 2238 aut
1059 2178 1125 2256 bis,
1154 2177 1174 2238 si
1189 2175 1210 2233 iu

154 2277 361 2357 antistrophae
384 2296 414 2337 v.
435 2277 464 2337 7.
491 2277 708 2356 plerorumque
724 2275 873 2337 librorum
896 2279 1049 2356 scriptura
1065 2268 1211 2364 χρυσοτεί-

154 2400 246 2454 κτοις
260 2381 422 2460 reeipitur3
449 2398 595 2440 numeros
617 2389 720 2441 aulem
737 2380 868 2441 variates
883 2400 952 2442 esse
967 2401 996 2442 v.
1018 2387 1048 2444 8.
1068 2394 1100 2445 et
1115 2388 1141 2444 9.
1158 2397 1212 2462 ques
1250 2410 1253 2451 ς

154 2495 275 2563 tamen,
303 2494 338 2545 ut
353 2503 444 2564 saepe
460 2485 491 2545 in
507 2484 685 2562 GlyconeiS‚
711 2503 883 2563 exaequare
900 2503 960 2545 non
976 2495 1024 2547 est
1039 2487 1172 2565 difficile,
1189 2501 1213 2544 ae

153 2610 183 2650 v.
205 2591 234 2649 9.
255 2587 380 2668 quidem
396 2586 456 2648 sie:

240 2727 290 2798 ἐτι
312 2723 341 2796 δ’
363 2724 452 2814 όδωρ
476 2725 515 2795 τὸ
537 2725 744 2811 Κασταλίας,

152 2904 183 2943 v.
204 2886 234 2942 8.
253 2891 355 2942 autern
372 2880 521 2942 librorum
536 2880 707 2959 scripturae
730 2872 870 2962 γενόμαν
885 2891 916 2943 ελ
931 2874 1091 2963 ἐγενόμαν
1107 2885 1217 2944 incertae

154 2985 328 3048 redduntur
336 2983 585 3045 adnotationibus
597 2982 847 3045 scholiastarum:
867 2974 939 3046 ἴσα
955 2975 1030 3047 άντί
1042 2987 1103 3048 τοῦ
1115 2976 1220 3066 ὁμοίως

153 3082 210 3150 καὶ
230 3079 313 3160 ’ίσονς
335 3076 504 3169 ἀγάλμασι
525 3079 725 3169 χρυσέοισιν,
750 3079 860 3169 όίςπερ
884 3107 917 3148 τι
933 3081 990 3148 διὰ
1005 3091 1129 3171 χρυσοῦ
1143 3105 1221 3151 κατε-

153 3184 375 3269 σκευασμένον
396 3179 568 3272 άνάθημα,
593 3182 699 3263 οίίτοις
714 3183 905 3276 ἐπέμφθην,
922 3200 968 3251 et:
995 3184 1141 3276 ἐτάχθην
1155 3182 1223 3274 γενί·

153 3297 249 3373 σθαι,
268 3282 342 3378 ἤτοι
358 3283 547 3376 γενήσομαι,
568 3283 608 3352 ἵν’
623 3278 644 3377 ᾗ
660 3284 705 3366 ὡς
720 3286 758 3354 τὸ
781 3285 1060 3378 κατενάσθην·
1082 3284 1104 3378 ἢ
1125 3288 1224 3375 λάτρις

153 3393 210 3462 καί
231 3389 333 3481 δοόλη
349 3385 551 3478 ιόνομάσθην
580 3389 636 3457 καί
658 3388 836 3480 ἐτιμήθην,
859 3384 957 3479 ἤγουν
980 3397 1077 3459 πάσα
1098 3401 1148 3482 τῷ
1166 3396 1226 3478 θεῷ

153 3492 363 3589 άφιέρωμαι,
385 3507 420 3560 ut
446 3498 523 3560 alter
548 3492 665 3582 Φοίβην
692 3492 807 3582 λάτρις
837 3491 991 3583 ἐστάλην,
1022 3499 1100 3562 alter
1124 3493 1227 3583 Φοίβη

153 3598 268 3686 λάτρις
282 3594 405 3688 ᾐνέθην
419 3603 528 3683 legisse
545 3602 695 3664 videatur.

240 3734 400 3794 Recentior
411 3729 583 3811 tragoediae
591 3740 676 3793 aetas
684 3731 809 3794 videtur
820 3733 852 3791 in
860 3731 929 3793 basi
937 3733 1029 3792 etiam
1037 3744 1233 3815 anapaestum

154 3836 325 3916 admisisse,
345 3838 371 3898 si
386 3835 583 3898 antithetieus
594 3854 705 3898 versus
717 3834 889 3916 spondeum
902 3833 1040 3916 haberer,
1062 3848 1098 3900 ut
1113 3839 1148 3901 in
1157 3839 1237 3923 lphi-

152 3942 242 4020 genia
259 3942 386 4001 Taurica
402 3960 432 4001 v.
455 3940 547 4001 rr05.
570 3942 662 4002 4420.

237 4079 356 4167 λίμναν
378 4076 414 4150 θ’
438 4078 650 4149 εἱλίσσουσαν
672 4077 772 4169 ὕδωρ.

234 4182 436 4271 μεταβάλλει
459 4181 487 4250 δ’
511 4179 721 4270 εὐδαιμονία.
