2804 4912
156 313 197 375 34
566 330 623 372 mr,
643 331 675 373 11,
710 331 773 373 cnr.
793 332 825 374 11.

241 482 265 563 ὁ
282 479 358 546 106.
386 483 532 545 Constare
555 491 660 545 autem
675 482 766 544 basin
786 502 826 544 ex
841 482 964 546 duabus
980 481 1119 561 ansibus,
1146 501 1184 542 ex
1206 501 1240 542 eo

155 587 363 666 cognoscitur,
389 583 474 665 quod
488 593 621 667 utraque
641 585 762 667 syllaba
778 586 924 648 incertam
941 605 1119 648 mensuram
1134 583 1236 645 habet.

155 690 233 751 Nam
247 690 274 751 si
289 690 435 752 alterutra
451 697 573 754 tantum
595 691 679 753 arsin
700 689 845 769 haberet,
872 711 911 752 ex
933 691 999 770 lege
1022 689 1144 751 numeri
1160 696 1238 749 certa

155 791 284 854 deberet
297 792 482 872 comparatio
497 812 566 854 esse
582 811 808 855 mensurarum.
842 795 977 875 Vtraque
1000 803 1104 855 autem
1122 793 1150 854 si
1164 792 1240 853 arsis

155 905 216 976 est,
235 897 302 958 iure
318 896 428 958 amhae
443 897 592 977 ancipites
608 905 698 976 sunt,
724 897 796 975 quia
812 906 943 976 utraque
966 895 1059 959 simul
1075 903 1106 957 et
1120 897 1239 957 initium

154 1009 185 1061 et
208 999 278 1060 finis
300 1001 421 1062 numeri
443 1008 499 1061 est.
541 998 627 1061 Vnde
649 1000 823 1081 promiscue
845 999 941 1080 pedes
962 1000 1107 1082 disyllabi
1136 1017 1240 1060 omnes

153 1102 362 1164 admittuntur
372 1125 378 1163 :

240 1208 293 1251 oc

241 1411 291 1458 sb!-

240 1514 290 1561 Lo

154 1620 197 1680 Ita
225 1620 352 1699 quidem
377 1620 463 1700 lyrici
484 1617 667 1701 heolenses,
697 1629 732 1682 ut
753 1619 877 1700 Sappho
907 1618 990 1697 apud
1014 1619 1180 1699 Hephaest.
1205 1640 1234 1700 p.

155 1725 195 1784 ΞΕ
227 1724 291 1784 42.
509 1763 512 1770 ·
1088 1757 1092 1767 ⁴

217 1723 374 1923 (Xihopd'
391 1813 472 1890 αὖτέ
484 1817 519 1907 μ’
536 1819 554 1889 ὁ
570 1820 746 1911 λυσιμελὴς
762 1823 864 1903 δονεῖ,

122 1964 127 1974 ·
240 1922 461 2014 γλυκύπικρον
476 1920 647 2010 ἀμάχανον
662 1917 813 2015 donator.

238 2025 350 2109 Aret,
367 2028 423 2095 σοὶ
433 2024 468 2095 ¹d'
486 2026 607 2113 ἐμέθεν
620 2027 681 2114 μὲν
696 2023 871 2118 ἀπήχθετο

240 2129 451 2222 φροντίσδην,
470 2126 575 2198 druid’
595 2129 813 2222 Ᾱνδρομέδαν
828 2135 926 2222 ποτῇ.

239 2339 355 2424 5107.
383 2343 444 2405 Sed
464 2345 566 2423 poesis
588 2344 682 2424 lyrica
698 2343 910 2422 Doriensium,
930 2362 1023 2424 quam
1041 2344 1198 2425 tragoedia
1212 2352 1245 2409 et

39 2436 43 2443 ’
154 2444 308 2508 comoedia
322 2446 473 2527 sequitur,
488 2446 621 2509 exclusit
635 2446 859 2527 pyrrhichium.
885 2445 980 2526 idque
993 2446 1139 2509 videntur
1150 2448 1242 2511 etiam

155 2545 321 2611 Accienses
338 2550 465 2630 quidam
481 2550 599 2630 iecisse,
618 2557 654 2615 ut
668 2550 811 2612 Corinna.
844 2550 879 2609 iii
894 2551 986 2630 igitur
1000 2569 1097 2630 quum
1113 2539 1242 2613 alteram

154 2660 255 2713 utram
272 2654 355 2715 arsin
371 2647 544 2716 necessario
566 2653 685 2732 longam
708 2671 777 2713 esse
794 2652 972 2732 voluerunt,
1000 2663 1241 2733 consentaneum
1278 2674 1287 2767 p

154 2765 230 2834 eret,
246 2757 323 2817 solvi
335 2775 424 2835 posse
437 2757 516 2817 hanc
527 2758 609 2817 arsin
622 2758 651 2816 in
667 2755 745 2816 duas
758 2755 870 2817 breves
881 2777 888 2833 ;
904 2755 987 2817 unde
999 2759 1101 2836 prouti
1113 2776 1149 2819 ea
1161 2757 1243 2837 prior
1283 2770 1287 2845 g

158 2860 207 2918 vel
222 2861 373 2938 posterior
387 2861 465 2920 arsis
480 2869 544 2938 est,
564 2860 621 2920 hae
636 2858 751 2920 formae
766 2869 871 2920 natae:

239 2961 297 3040 Λέ
667 2960 725 3043 ἐι

212 3170 263 3214 w
702 3174 753 3217 ύυ

153 3256 260 3334 Itaque
282 3263 314 3315 et
335 3266 500 3336 anapaesto
523 3265 553 3317 et
576 3255 697 3336 dactylo
721 3257 806 3318 locus
827 3265 892 3317 est:
918 3255 975 3316 sed
998 3273 1066 3316 raro
1088 3257 1138 3318 his
1159 3255 1247 3320 duo-

155 3358 216 3419 bus
230 3357 375 3439 pedibus,
395 3379 453 3420 nec
467 3358 647 3438 frequentor
661 3359 814 3421 tribracho
829 3368 970 3438 utuntur,
989 3359 1119 3439 solique,
1139 3369 1176 3422 nt
1192 3363 1247 3424 vi-

154 3461 263 3542 detur,
295 3471 403 3542 poetae
432 3463 546 3523 scenici
575 3471 645 3541 post
666 3463 789 3542 Olymp.
816 3464 976 3524 LXXXIX.
1016 3463 1143 3541 Propter
1165 3463 1249 3527 ham

156 3567 332 3627 varietatem
363 3582 525 3626 mensurae
552 3565 585 3624 in
607 3564 820 3627 describendis
843 3566 980 3626 numeris
1004 3565 1092 3626 basin
1114 3567 1157 3628 ita
1181 3587 1247 3630 no-

153 3678 274 3732 tamus:

251 3773 270 3827 .'.
294 3773 313 3825 .'.

152 3875 310 3954 Dupiieem
340 3870 431 3938 basin
457 3875 552 3937 habet
573 3875 724 3939 Pindarus
743 3877 828 3938 Nem.
854 3878 902 3938 IV.
930 3896 960 3939 v.
989 3877 1019 3936 5.
1045 3885 1077 3939 et
1098 3881 1127 3939 6.
1155 3887 1245 3941 stro-

546 4189 850 4198 Ἃ
