2804 4912
420 351 457 391 na
473 349 606 393 uastata
622 347 791 395 ιιιιοιαιιε.
1092 327 1154 389 175

57 501 219 585 Apparet,
247 503 305 565 hoc
320 520 417 582 genus
434 519 578 566 versuum
595 503 686 563 etiam
706 498 916 562 dochmiaeum
937 497 1035 563 videti
1049 516 1151 578 posse.

58 607 134 668 Non
149 607 262 686 poterit
276 615 390 684 autem,
406 606 432 667 si
448 605 629 666 commutari
644 605 743 683 potuit
757 620 827 663 cum
843 601 937 662 altera
953 599 1059 679 forma,
1076 619 1155 680 quae

59 719 114 770 est
130 710 163 770 in
178 708 226 769 his
242 708 348 787 Eurip.
367 707 476 788 Suppl.
498 709 569 769 960.
591 709 663 768 968.

155 837 299 920 δαςαίων
321 836 351 908 δ’
375 836 395 907 ὁ
416 837 502 926 βίος,

155 938 224 1011 οὔτ’
247 943 282 1011 ἐν
302 948 376 1024 τοῖς
398 942 590 1035 φθιμένοις.

56 1091 97 1150 In
122 1088 232 1149 Bacch.
254 1088 325 1146 863.
346 1088 418 1148 883.
445 1105 577 1166 quorum
603 1087 632 1145 in
656 1088 748 1166 priori
776 1077 825 1158 εἷς
848 1076 973 1168 αἰθέρα
996 1079 1154 1171 δροσερὸν

57 1193 189 1270 legitur,
210 1188 423 1250 sciibendum:

156 1317 267 1407 αἰθέρ’
292 1320 326 1399 ἐς
348 1321 516 1410 δροσερόν.

154 1423 232 1504 τούς
253 1421 281 1491 τ’
305 1421 550 1514 ἀγνωμοσύναν.

45 1700 48 1706 ’
155 1687 272 1771 5479.
299 1689 415 1752 Deinde
431 1691 573 1754 anacrusi
588 1710 643 1772 pro
658 1691 724 1753 basi
740 1692 857 1773 posita:

154 1841 267 1892 ῡιι-ι-
281 1810 284 1928 γ
298 1841 346 1890 0:

10 2015 14 2021 ·
63 1986 144 2047 Nam
161 1986 217 2047 has
234 1984 357 2065 formas,
381 1987 438 2046 etsi
454 1994 535 2046 certa
552 1985 694 2065 exempla
709 2003 771 2047 non
787 1993 860 2046 sunt
875 1985 906 2045 in
921 1993 1077 2064 prompta,
1099 2004 1154 2045 re-

63 2087 221 2168 spondere
236 2089 295 2150 sibi
310 2108 411 2170 posse,
430 2089 568 2169 analogia
583 2089 726 2170 postulat.
754 2090 786 2148 ln
804 2090 977 2150 catalectico
992 2099 1112 2150 autem:

156 2223 246 2250 Ἶ-

156 2243 269 2274 υυυυυ
269 2242 295 2273 U

65 2349 163 2430 Soph.
183 2349 260 2410 Ocd.
280 2350 316 2409 R.
338 2351 409 2412 467.

154 2479 227 2571 ὥρα
248 2507 299 2548 νιν
321 2477 493 2549 ἅελλάδων

38 2618 45 2623 -
132 2660 135 2665 ,
156 2586 273 2652 ἵππων
296 2583 546 2674 σθεναρώτερον

199 2695 290 2779 φυγᾷ
311 2686 404 2757 πόδα
426 2695 547 2778 νωμᾷν.

65 2832 107 2893 Ει
121 2832 153 2892 in
170 2833 377 2913 antistropha:

35 3038 43 3051 .
156 2969 262 3055 φοιτᾷ
284 2963 345 3053 γὰρ
366 2960 425 3031 ὑπ’
448 2960 567 3053 ἀγρίαν

154 3065 238 3134 ὕλαν
261 3065 324 3134 ἀνά
346 3064 374 3135 ι’
398 3062 501 3158 ι’ίνιρα
524 3069 581 3136 καὶ

198 3175 360 3260 πειραῖος
382 3169 401 3239 ὁ
422 3179 555 3262 ταῦρος.

63 3315 105 3376 Ει
121 3315 153 3374 in
169 3311 261 3375 Aiace
276 3335 306 3377 v.
328 3317 362 3376 tt
371 3318 422 3376 87.
443 3316 497 3395 qui
512 3335 623 3378 versus
639 3317 682 3378 sic
698 3315 852 3377 scribendi
867 3315 1028 3378 videntur:

155 3446 386 3538 ὄορνσσοήιων

154 3548 294 3635 μόχθων
316 3544 400 3618 ι’ίταν
423 3550 556 3639 ἐπάγων

155 3648 204 3719 ἄν’
227 3649 395 3743 accedi-aa
421 3653 562 3746 Τρωΐαν.

58 3795 266 3876 Antistropha
277 3818 283 3857 ε

155 3925 279 4010 ἔδειξεν
301 3925 415 3996 ὅπλων

146 4028 304 4098 Ἕλλασιν
325 4032 437 4100 κοινὸν
457 4027 551 4124 Ἄρη·

155 4129 198 4200 ἰὼ
218 4133 320 4202 πόνοι
342 4133 508 4224 πρόγονοι
530 4134 651 4204 πόνων.
