2804 4912
404 310 441 355 nn
458 308 716 355 memoremus
732 311 750 351 a
764 308 878 353 motu.
1127 288 1185 351 143

98 467 153 526 Bis
166 472 306 543 tantum,
330 462 388 527 sed
401 465 433 526 in
449 482 524 527 voce
538 464 722 545 composita,
740 461 874 542 neglexit
887 478 1063 538 caesuram,
1087 460 1111 520 1.
1133 459 1182 537 48,

102 571 156 629 to.
176 569 211 630 ll.
233 569 282 647 12,
302 569 353 630 25.

189 706 354 788 arcemone
367 704 441 787 fides
452 703 584 786 prodipo
595 701 785 785 perlucidior
797 703 887 764 vitro.

189 808 261 871 dum
273 808 442 890 flnpromob
457 806 609 888 detorquet
623 805 665 868 od
679 805 789 868 oscula.

101 944 181 1008 Vide
197 946 294 1007 bentl.
314 943 354 1007 ad
368 945 416 1006 IV.
437 946 466 1024 8,
487 943 537 1004 ⁴7.
563 944 630 1004 Non
645 943 721 1005 haeo
735 944 855 1005 curavit
869 939 1014 1004 Alcaeus:

187 1076 290 1167 μηδὲν
311 1069 395 1144 dito
419 1073 582 1167 φυτεύσῃς
604 1073 767 1164 πρότερον
789 1073 941 1163 δένδρεον
963 1071 1111 1159 ἀμπέλω.

96 1221 201 1291 Quem
218 1228 342 1282 secutus
357 1219 498 1282 Catullus
513 1237 606 1280 carm.
627 1220 721 1281 XXX.

487 1496 794 1505 ψ

481 1725 594 1794 OAP.
611 1724 796 1795 XXXVI.

280 1895 338 1965 De
364 1894 568 1987 versibus
594 1894 760 1964 ionicis
787 1915 807 1963 a
834 1893 998 1965 maiori.

186 2076 301 2160 5423.
334 2082 368 2142 In
384 2090 481 2142 metro
496 2081 632 2142 lonico
647 2100 665 2143 a
683 2080 824 2142 maiori
844 2097 906 2140 non
922 2081 1025 2142 minus
1041 2100 1133 2162 quam
1149 2084 1182 2144 in

93 2184 296 2265 antispastioo
322 2185 418 2246 multa
443 2183 615 2246 turbarunt
635 2185 767 2263 metrici,
801 2183 855 2263 qui
880 2183 1007 2246 aliorum
1033 2203 1181 2249 versuum

91 2286 300 2350 similitudine
322 2287 459 2369 decepti,
485 2306 583 2368 quum
605 2287 664 2349 alia
687 2286 763 2348 falsa
784 2285 996 2368 tradiderunt,
1023 2298 1089 2351 tum
1112 2291 1177 2370 hoo,

92 2391 229 2471 primam
252 2393 388 2457 omnium
411 2408 560 2453 versuum
581 2390 748 2470 syllabam,
775 2399 806 2450 et
826 2391 858 2451 in
876 2389 1066 2470 quibusdam
1081 2402 1181 2455 tetra-

95 2495 206 2556 metris
221 2497 310 2556 etiam
328 2495 458 2574 primam
473 2494 624 2575 syllabam
640 2495 747 2555 tertiae
763 2492 903 2574 dipodiae
918 2512 986 2557 esse
1000 2498 1176 2578 ancipitem.

94 2598 154 2659 Pes
176 2598 294 2660 lonicus
317 2617 333 2659 a
357 2599 463 2660 maiori
485 2617 526 2660 ex
546 2597 674 2661 duobus
696 2596 857 2668 ordinibus
883 2607 1017 2681 constat,
1048 2619 1178 2680 quorum

94 2701 182 2782 prior
203 2702 280 2763 arsis
301 2699 402 2781 nuda,
427 2701 577 2782 posterior
598 2700 740 2781 dactylus
762 2709 818 2762 est.
856 2701 916 2775 Qui
936 2721 1084 2767 numerus
1107 2706 1179 2786 quia

93 2803 187 2866 valde
201 2802 299 2866 durus
315 2813 346 2865 et
360 2805 509 2867 molestus
523 2813 580 2883 ost,
604 2812 794 2865 commutare
807 2823 880 2865 eum
895 2824 966 2867 oum
982 2806 1105 2887 leniore,
1124 2807 1180 2870 sed
1285 2843 1289 2849 ·

93 2926 159 2969 non
171 2909 275 2969 minus
291 2916 394 2968 tamen
406 2906 500 2968 tracto
511 2926 641 2968 numero
652 2907 861 2989 instituerunt,
880 2907 1002 2972 dnobus
1015 2911 1175 2989 trochaeis,
1268 2943 1270 2947 ν

94 3029 159 3072 non
175 3009 410 3073 cohaerentibus
426 3029 488 3071 uno
503 3009 610 3072 ordine
624 3008 794 3091 periodica:

180 3146 205 3192 L
216 3145 220 3231 Ι
232 3146 308 3195 Lw

182 3246 249 3337 ἐῢ]
262 3245 312 3298 „¹0

91 3389 253 3450 Praeterea
275 3389 483 3450 necessarium
505 3397 587 3468 erat,
613 3396 665 3468 ut,
692 3389 718 3450 si
733 3388 839 3469 plures
855 3387 946 3449 ionici
961 3407 979 3450 a
995 3391 1101 3452 maiori
1115 3402 1189 3455 nno'

90 3510 190 3554 versu
208 3493 486 3572 coniungerentur,
512 3491 625 3570 singuli
646 3510 704 3572 per
717 3510 751 3554 se
767 3499 956 3570 constarent,
982 3510 1040 3554 nec
1059 3512 1178 3577 perpe-

91 3603 216 3657 tuatum
243 3594 391 3656 haberent
412 3612 595 3673 numerum,
625 3596 696 3674 quia
723 3597 767 3655 sic
792 3596 824 3656 in
851 3595 1042 3657 choriambos
1067 3599 1178 3661 munli

91 3707 200 3761 essent
210 3720 216 3759 ε

182 3830 631 3922 LyLwleLwlLyLw

181 3936 330 4024 -y.'w.
375 3934 489 4023 Ιέυυ.
534 3934 628 4021 Ιέυυ

89 4076 139 4138 Εο
165 4073 279 4137 iactum
306 4083 370 4152 est,
399 4083 436 4137 ut
461 4075 492 4134 in
517 4074 645 4154 singulis
665 4073 772 4136 Ionicis
794 4075 900 4136 ultima
924 4078 1042 4157 syllaba
1064 4097 1176 4160 anceps

88 4187 194 4256 esset,
220 4197 300 4258 quae
323 4180 353 4239 in
378 4176 589 4238 choriambicis
608 4185 724 4238 certam
748 4186 813 4238 erat
827 4198 1004 4242 mensnram
1019 4181 1171 4246 habitura.

1172 4514 1193 4583 ‘l'

1229 1986 1245 2021 α
1288 2029 1293 2041 ι
