2804 4912
154 266 195 327 84
555 284 612 329 tn.
631 285 665 328 u.
699 287 761 329 our.
779 285 839 329 xxi.

240 436 264 517 ξ
279 432 356 502 245.
389 436 483 500 Aliud
494 408 617 519 senus,
637 439 721 520 quod
735 441 783 503 his
798 440 897 502 simile
911 450 981 518 est,
1009 442 1175 503 venustius
1189 439 1238 499 vi-

155 540 245 602 detur
259 560 299 602 ex
314 540 492 605 dochmiaco
506 542 753 622 hypercatalecto
768 553 800 604 et
814 544 963 606 trochaeis
979 545 1136 623 componi:

240 677 264 707 υ
279 660 303 707 .‘
327 662 351 707 .'.
365 655 438 707 020
447 660 595 708 :cnm

262 799 313 830 W

40 918 48 937 ¹
152 902 324 984 Aeschylus
340 902 475 982 Choeph.
497 903 547 966 lh.

241 1015 282 1085 ίώ
303 1021 395 1107 γαῖα,
418 1021 510 1107 μαῖα,
531 1016 669 1103 μωμένα
689 1014 725 1105 μ’
749 1016 867 1088 ἰάλλει.

240 1227 362 1312 5246.
404 1230 569 1293 lamhicum
600 1230 868 1313 ischiorrhogicum
895 1231 1036 1294 dochmio
1065 1230 1239 1296 subiectum

155 1335 271 1396 hahent
286 1353 383 1415 quum
399 1334 460 1415 alii,
480 1343 546 1396 tum
561 1334 710 1396 Pindarus
725 1336 811 1415 Pyth.
830 1337 878 1399 Vl.
898 1337 929 1397 in
945 1336 1006 1397 fine
1022 1336 1239 1416 stropharum:

242 1437 453 1533 Ἀπολλωνίᾳ
475 1439 676 1526 τετείχισται
698 1440 800 1534 νάπᾳ.

239 1649 361 1735 5247.
401 1653 561 1734 Augentur
574 1640 754 1715 'dochmiaoi
780 1656 871 1717 etiam
896 1655 937 1718 ah
957 1656 1057 1737 initio,
1088 1664 1121 1718 et
1143 1657 1243 1736 primo

154 1757 279 1838 quidem
295 1757 416 1820 iambis.
450 1756 552 1838 Atque
567 1775 650 1820 unus
665 1757 789 1820 iambus
804 1758 858 1819 ubi
874 1758 1031 1837 praeeedit
1048 1758 1238 1840 dochmium,
1283 1764 1285 1785 ²

153 1861 325 1923 cavendum
342 1881 382 1922 ne
397 1862 454 1921 hoo
470 1871 602 1922 metrum
619 1859 826 1923 confundatur
845 1882 914 1923 oum
932 1864 1058 1924 Creticis
1074 1863 1240 1925 anacrusin
1280 1848 1285 1875 ³

153 1965 354 2044 habentibus,
380 1964 556 2044 dequibus
578 1963 695 2026 dictum
718 1963 823 2047 §boh
858 1964 1015 2027 Eiusmodi
1036 1967 1151 2029 Cretici
1173 1975 1243 2029 sunt

153 2071 184 2129 in
200 2069 306 2150 Eurip.
325 2068 434 2151 Suppl.
456 2071 527 2130 829.

239 2183 324 2253 κάτα
345 2209 387 2268 με
409 2183 514 2252 νιίδον
535 2188 596 2272 μᾶς
617 2180 699 2268 ἕλοι,

239 2286 298 2354 διὰ
320 2286 359 2354 δὲ
380 2284 509 2354 θύελλα
532 2287 670 2355 σπάσαι.

153 2414 327 2476 Dochmiaci
344 2432 417 2474 vero
431 2430 609 2492 praegresso
623 2412 728 2475 iambo
743 2412 785 2473 illi
801 2413 937 2476 habendi
952 2424 1035 2495 sunt,
1059 2416 1113 2494 qui
1131 2414 1242 2480 mediis
1282 2436 1285 2445 ·

154 2518 303 2580 ‹lochmiis
319 2519 360 2579 ita
375 2519 566 2594 inseruntur,
585 2525 620 2577 ut
634 2514 770 2578 dubitari
785 2516 824 2577 de
840 2536 969 2579 numero
984 2528 1138 2596 nequeat:
1160 2518 1242 2601 quod

154 2622 287 2683 maxime
302 2622 337 2682 lit
352 2618 488 2683 secunda
504 2621 565 2681 arsi
585 2617 747 2698 solvenda,
774 2638 855 2700 quae
876 2621 1074 2682 usitatissima
1090 2623 1122 2682 in
1141 2622 1242 2685 doch-

154 2726 222 2787 miis
238 2724 347 2785 solutio
362 2733 423 2785 est:
443 2724 523 2785 utin
539 2721 649 2785 Aesch.
671 2725 702 2785 S.
722 2721 761 2784 acl
779 2723 833 2784 Th.
855 2724 926 2784 488.
947 2726 1018 2785 528.

240 2836 280 2905 ίώ
302 2833 447 2924 πρόμαχ’
473 2837 561 2922 ἐμῶν
583 2832 706 2923 δόμων,
729 2843 821 2904 τοῖσι
842 2836 880 2904 δὲ
902 2838 1070 2922 deuorato

240 2937 342 3026 ἔχοντ’
366 2935 490 3034 άφιλον
512 2940 546 3008 ἐν
568 2939 664 3010 σάκει
684 2947 746 3009 τοῦ
766 2939 906 3024 χθονίου
930 2940 1042 3026 δέμας.

152 3071 210 3142 Qui
227 3088 336 3131 versus
352 3087 391 3128 ex
407 3068 510 3128 iambo
526 3078 556 3128 et
572 3066 696 3129 duobus
712 3065 860 3128 dochmiis
875 3077 1024 3128 constant.
1059 3068 1240 3151 Dochmius,

154 3175 206 3253 qui
219 3172 356 3233 succedit
367 3170 478 3249 iambo,
494 3171 657 3233 anacrusin
669 3171 748 3231 solet
762 3169 888 3231 brevem
902 3170 1026 3249 habere,
1043 3183 1078 3233 ut
1090 3190 1244 3239 numerus

153 3275 221 3337 talis
237 3295 305 3337 esse
323 3273 481 3336 videatur:

238 3389 467 3480 [Exul-'loa'
555 3414 558 3423 «

238 3598 354 3683 5248.
389 3602 486 3681 Saepe
502 3600 678 3663 dochmium
694 3600 757 3664 duc
772 3600 959 3664 antecedunt
973 3601 1077 3681 iambi,
1104 3608 1162 3684 qui
1179 3626 1245 3671 nu-

153 3726 236 3768 mero
251 3707 396 3770 disiuncti
412 3715 518 3768 sunta
534 3705 689 3784 dochmio,
717 3715 755 3776 ut,
771 3725 810 3766 ex
833 3706 956 3785 ancipiti
979 3709 1125 3769 anacrusi
1139 3708 1246 3773 doch-

70 3862 73 3869 .
151 3813 281 3873 miorum
299 3809 494 3889 intelligitur:
1273 3802 1277 3809 '

235 3923 545 4015 ῦζυ-Ιῦ.’-Ι.Ἰυ.’

150 4050 259 4113 hesch.
278 4047 384 4131 Agam.
406 4052 498 4113 troo.

238 4155 279 4225 ίιδ
301 4155 521 4245 Σκαμάνδρου
543 4152 823 4245 adspectatores.
