2804 4912
524 312 561 353 nr
577 307 708 352 raumara
725 307 893 351 orreorum.
1194 286 1254 350 tot

162 463 324 544 Phiiyllius
353 465 384 525 in
413 462 501 544 huga
531 461 616 543 apud
643 459 835 524 Athenaeum
858 463 908 522 xl.
942 479 972 540 p.
996 461 1066 520 485.
1101 462 1133 520 B.
1167 459 1252 540 apud

161 567 350 629 hieinekium
365 569 400 629 ll.
421 568 450 628 2.
471 586 501 647 p.
518 569 591 628 858.

417 695 527 765 πάντα
550 695 611 788 γὰρ
632 694 669 788 ἢν

253 799 346 886 μέστ’
369 798 498 890 ἀνδρῶν
519 800 577 868 καὶ
595 797 787 888 μειρακίων,

253 903 435 988 πινόντων,
456 901 543 988 ὁμοῦ
565 902 604 972 δὲ
626 904 734 972 λάλων

252 1006 403 1100 γρᾳδίων
425 1004 623 1095 μεγάλαισιν
645 1002 701 1073 αἴ-

296 1135 353 1179 νου
373 1109 533 1201 χαίροντα
554 1111 751 1190 λεπασταῖς.

160 1259 215 1321 Sio
231 1257 309 1318 haec
323 1251 498 1317 scribenda.

252 1491 365 1578 5462.
389 1496 528 1575 Denique
540 1513 649 1556 rursus
661 1495 719 1556 alia
732 1494 809 1556 iacta
822 1503 870 1555 est
881 1499 1087 1575 transpositio,
1103 1496 1158 1558 sed
1170 1517 1248 1576 raro,

118 1635 124 1647 ·
156 1612 202 1680 et,
226 1610 263 1662 ut
277 1598 412 1678 videtur,
431 1617 493 1661 non
509 1598 567 1659 nisi
582 1598 614 1659 in
629 1599 805 1678 compositis
821 1597 1010 1677 quibusdam
1027 1600 1149 1679 formis,
1174 1603 1253 1663 cho-

155 1703 286 1766 riambo
306 1703 492 1784 principium
507 1710 691 1781 occupante,
718 1702 786 1764 basi
808 1709 912 1763 autem
933 1703 1136 1782 trochaeoquc
1151 1704 1183 1764 in
1199 1704 1254 1766 di-

153 1807 290 1891 podiam
306 1806 467 1869 iambicam
483 1805 626 1867 mutatis:

149 1939 155 1949 ·
252 1926 350 1973 Lw.
366 1923 371 2010 Ι
387 1921 484 1973 (Ab.

253 2066 334 2127 quae
348 2047 445 2109 forma
460 2053 508 2106 est
522 2064 633 2107 versus
648 2044 843 2108 choriambici
858 2046 989 2108 dimetri.

252 2289 277 2369 5
291 2285 369 2353 463.
395 2290 509 2351 Versus
521 2287 747 2366 Pherecratem,
767 2290 798 2348 in
814 2307 876 2369 quo
892 2288 995 2349 nulius
1011 2297 1080 2368 post
1095 2289 1251 2350 choriam-

155 2395 243 2456 bum
258 2392 382 2455 iamhus
402 2400 465 2470 est,
492 2391 546 2469 qui
561 2392 720 2468 transponi
735 2393 848 2472 possit,
873 2410 935 2451 uon
958 2392 1015 2452 nisi
1039 2390 1118 2453 duas
1140 2391 1252 2453 soranos

156 2496 317 2560 admittit:

266 2614 285 2668 .'.
323 2614 342 2666 J.
365 2612 507 2700 Ι-ὐυ-ιι

159 2728 196 2782 et

253 2820 349 2866 Lm)-
364 2817 368 2904 Ι
382 2820 457 2866 υέυ

159 2945 306 3017 Quarum
320 2943 469 3022 posterior
489 2959 556 3002 rara
578 2951 641 3018 est,
667 2950 698 3002 et
720 2940 783 3001 iero
800 2949 918 3001 tantum
939 2940 969 2999 in
987 2940 1161 3020 compositis
1176 2941 1253 3018 qui-

160 3044 302 3108 busdam
319 3044 463 3106 versibus
480 3045 601 3107 usitata.

253 3283 369 3364 §464
403 3287 527 3348 Dicatur
552 3285 705 3366 primodo
728 3286 952 3367 permutatione
974 3283 1151 3345 formarum.
1192 3281 1253 3346 At-

161 3409 229 3471 que
251 3390 405 3470 primitiva
422 3389 645 3468 Glyconcorum
666 3388 779 3467 forma,
805 3408 885 3467 quae
907 3387 1008 3448 iambo
1025 3387 1152 3464 linitur,
1169 3386 1254 3468 apud

160 3494 320 3569 scenicos,
354 3502 434 3553 ccrtc
464 3491 495 3551 in
519 3494 684 3552 recentiore
707 3491 880 3572 tragoedia,
913 3492 1004 3552 etiam
1027 3488 1198 3570 spondeum
1223 3491 1254 3550 in

160 3597 228 3657 fine
245 3597 360 3675 recipit,
379 3597 419 3656 ita
436 3605 471 3657 ut
486 3595 642 3674 spondeus
658 3593 759 3682 iambo
775 3594 807 3655 in
823 3595 1050 3674 antistrophieis
1066 3592 1253 3673 respondere

159 3698 278 3780 possit:

265 3816 284 3869 J.
322 3818 341 3869 Ι.
366 3813 560 3900 [Loxa-'GL

158 3938 331 4017 Euripides
347 3939 465 4019 Hippol.
487 3939 558 4000 74⁴.
579 3940 651 4000 75⁴.

253 4069 315 4149 τὰς
333 4071 572 4161 ἡλεκτρσφαεῖς
593 4066 703 4159 αὐγάς.

254 4171 349 4258 χθών
370 4167 586 4257 εὐδαιμονίαν
607 4176 716 4256 θεοῖς,
