2804 4912
248 308 268 366 4
388 318 391 326 ’
553 366 560 379 s
664 324 719 367 in.
739 327 760 367 ι.
786 322 922 367 ιιι-ιι·

248 487 421 559 temporum
437 478 668 556 spatiorumque
683 477 866 555 aequalitate
881 457 1067 555 continetur,
1093 495 1166 558 pars
1181 486 1229 538 est
1243 478 1333 538 seriei

249 581 396 660 infinitae,
415 598 516 660 neque
532 588 585 641 aut
600 581 720 641 initium
736 589 790 641 aut
805 580 898 642 finem
913 579 1015 642 habet.
1047 582 1085 642 Vt
1099 572 1258 659 numehs,
1278 583 1332 660 qui

249 684 284 755 lit
297 683 548 763 percussionibus
569 683 781 762 tintinnabuli,
806 684 920 763 quibus
940 686 971 743 in
993 683 1142 764 horologio
1158 684 1249 744 horae
1265 703 1332 745 nu-

249 796 420 864 merantur;
448 788 496 848 vel
512 788 704 866 symmetria,
731 796 872 867 quaeest
892 789 923 847 in
940 788 1017 848 serie
1032 788 1195 865 arborum,
1221 783 1333 850 altitu—

248 890 330 970 dine,
350 890 457 968 lorma,
476 891 644 951 intervallis
660 892 791 968 parium.
817 891 907 964 Quali
923 893 954 951 in
970 909 1098 952 numero
1113 893 1333 968 symmetriave

248 1003 390 1072 apertum
405 1003 468 1071 est,
494 994 570 1054 nihil
586 995 626 1055 ita
650 1003 704 1054 aut
717 995 852 1074 primum
867 1002 921 1056 aut
935 1002 1125 1074 postremum
1146 1013 1230 1073 esse,
1255 997 1332 1073 quiu

249 1107 302 1159 aut
313 1096 386 1158 addi
401 1094 527 1177 aliquid,
543 1105 597 1157 aut
611 1096 730 1158 detrahi
745 1107 848 1176 queat,
864 1098 948 1159 nullo
964 1095 1084 1158 numeri
1096 1100 1333 1175 symmetriaeve

249 1200 440 1262 detrimento.

334 1407 358 1488 5
376 1404 427 1469 ll.
460 1406 550 1479 Quod
565 1409 590 1468 si
606 1408 676 1486 quis
693 1415 740 1468 est
755 1426 920 1487 numerus,
940 1417 1001 1469 >aut
1022 1409 1123 1488 siqua
1140 1409 1329 1485 symmetria,

249 1530 329 1590 quae
352 1530 411 1571 non
434 1512 474 1571 sit
494 1511 626 1590 infinita,
654 1511 762 1589 quales
783 1529 927 1571 numeros
948 1513 1181 1590 symmetriasve
1202 1512 1334 1571 inveniri

249 1615 436 1692 experientia
459 1613 561 1692 docet,
587 1613 705 1694 aliquid
726 1616 756 1673 in
779 1597 855 1694 ipsis
877 1633 961 1692 esse,
989 1613 1073 1693 quod
1088 1614 1264 1676 absolutum
1279 1616 1331 1693 sit,

250 1736 375 1779 necesse
390 1726 446 1778 cst.
473 1718 528 1779 Est
543 1727 647 1778 autem
662 1719 693 1777 in
709 1719 787 1778 serie
804 1736 982 1779 caussarum
1000 1737 1035 1778 ea
1052 1735 1160 1778 caussa
1177 1716 1331 1796 absoluta,

249 1840 329 1900 quae
344 1839 405 1880 uon
421 1830 468 1881 est
482 1820 587 1881 effecta
605 1821 645 1882 ab
661 1822 718 1883 alia
735 1840 853 1900 caussa,
879 1821 934 1882 sed
949 1822 1079 1882 aliarum
1095 1823 1159 1901 ipsa
1177 1820 1330 1897 efficiens3

249 1927 281 1985 iu
303 1925 436 2004 partium
459 1925 729 2003 comprehensione
751 1933 855 1984 autem
871 1944 905 1985 ea
922 1942 994 2004 pars
1010 1923 1149 1986 absoluta
1165 1931 1227 2002 est,
1253 1942 1335 2003 quae

249 2047 310 2087 non
327 2036 373 2088 est
388 2037 547 2107 propterea
563 2046 646 2108 pars,
669 2029 740 2108 quia
756 2026 894 2089 eiusdem
910 2029 953 2088 rei
969 2029 1060 2089 etiam
1076 2028 1152 2089 aliae
1167 2036 1240 2088 sunt
1254 2044 1335 2106 par—

250 2141 312 2209 tes,
338 2129 394 2190 sed
408 2139 535 2209 propter
549 2149 644 2211 quam
659 2132 727 2192 illae
743 2141 834 2208 sunt,
861 2133 880 2191 i.
900 2150 926 2191 e.
947 2133 1036 2192 cuius
1058 2132 1127 2192 illae
1143 2132 1240 2210 ipsius
1255 2148 1335 2210 par-

250 2243 296 2294 tes
312 2243 396 2294 sunt.

335 2439 359 2520 5
378 2437 428 2503 12,
463 2439 525 2502 Sed
540 2443 685 2521 quoniam
701 2442 786 2502 nulla
802 2450 849 2502 est
864 2459 982 2521 caussa,
1001 2459 1081 2520 quae
1096 2459 1157 2501 non
1172 2440 1279 2503 effecta
1296 2443 1337 2501 sit

250 2542 290 2604 ab
314 2544 372 2605 alia
396 2563 521 2624 caussa,
551 2545 699 2625 nullaque
722 2563 770 2605 res
791 2553 894 2624 partes
915 2543 1051 2623 habens,
1081 2562 1160 2623 quae
1183 2562 1244 2604 nou
1266 2544 1336 2622 ipsa

250 2666 374 2728 quoquc
395 2668 467 2728 pars
489 2650 529 2708 sit
549 2649 629 2710 alius
651 2649 709 2709 roi:
739 2659 882 2728 apparet,
909 2648 1067 2708 relativam
1091 2665 1159 2708 esse
1180 2648 1336 2707 notionem

252 2770 379 2813 caussae
394 2753 553 2832 partisque
568 2752 737 2830 absolutae,
759 2754 779 2811 i.
799 2771 826 2811 e.
846 2751 937 2812 talem
953 2770 1021 2812 eam
1037 2768 1177 2811 caussam
1193 2759 1337 2829 partem-

251 2874 312 2935 que
327 2855 467 2934 intelligi,
495 2874 576 2934 quae
592 2874 653 2916 non
668 2874 724 2935 per
740 2874 773 2916 se
788 2854 928 2916 absoluta
944 2856 998 2932 sit,
1023 2853 1079 2915 sed
1093 2861 1228 2931 tantum,
1252 2853 1338 2932 quod

251 2958 291 3019 ad
306 2958 410 3020 datam
422 2959 557 3038 aliquam
570 2960 680 3020 seriem
693 2977 873 3021 caussarum
888 2958 936 3019 vel
947 2958 1188 3037 complexionem
1200 2957 1339 3036 partium

252 3063 369 3141 attinet,
388 3061 532 3151 habenda
549 3064 589 3124 sit
603 3081 659 3143 pro
674 3062 827 3141 absoluta,
846 3065 928 3143 quia,
952 3080 1013 3142 quo
1028 3079 1096 3122 eam
1112 3062 1167 3122 niti
1183 3059 1335 3141 dicamus,

250 3166 282 3226 in
309 3167 375 3246 ipsa
401 3166 460 3226 ista
489 3169 570 3227 serie
597 3185 776 3228 caussarum
803 3166 852 3227 vel
879 3165 1088 3245 complexione
1115 3164 1248 3243 partium
1274 3182 1339 3226 non

251 3269 430 3348 reperiatur,
450 3267 507 3331 sed
523 3270 648 3331 aliunde
664 3273 704 3331 sit
719 3268 931 3350 repetendum.
958 3270 996 3330 Vt
1011 3268 1037 3329 si
1052 3269 1162 3347 sagitta
1177 3269 1208 3328 in
1224 3286 1338 3329 saxum

251 3371 329 3431 illisa
345 3372 515 3453 repellitur,
539 3369 652 3435 saxum
666 3372 753 3462 illud,
780 3373 864 3452 quod
884 3372 924 3433 ad
938 3381 1055 3433 motum
1071 3371 1198 3450 sagittae
1214 3372 1334 3450 attinet,

159 3507 161 3513 ι
252 3493 361 3537 caussa
377 3475 519 3538 absoluta
535 3479 644 3538 mutati
660 3470 761 3538 molus
777 3487 833 3556 est,
859 3478 931 3556 quia
947 3476 998 3536 lex
1013 3474 1074 3552 illa,
1093 3492 1154 3553 qua
1171 3475 1280 3554 sagitta
1297 3474 1340 3535 ab

252 3597 326 3640 arcu
341 3581 453 3641 emissa
468 3589 622 3659 movetur,
638 3599 698 3640 uon
714 3589 815 3659 potest
827 3597 967 3642 caussam
983 3577 1148 3656 continere,
1165 3596 1260 3657 quare
1276 3577 1338 3638 alia

252 3682 318 3761 lege
343 3701 378 3743 ea
406 3686 515 3769 sagitta
542 3693 710 3745 moveatur.
751 3685 791 3745 Et
819 3686 849 3744 in
880 3684 958 3743 serie
984 3681 1129 3742 arborum
1159 3680 1338 3759 aequalium

252 3786 435 3866 aequalique
460 3788 684 3866 comparatione
703 3785 920 3865 dispositarum
942 3786 968 3846 si
990 3803 1051 3845 una
1071 3782 1163 3844 arbor
1177 3784 1339 3862 magnitu-

253 3888 324 3950 dine
339 3898 411 3950 ante
423 3899 542 3953 (ceteras
557 3891 679 3970 eminet,
696 3910 729 3951 ea
747 3889 846 3968 arbor,
862 3887 945 3969 quod
961 3887 1001 3950 ad
1016 3889 1126 3948 seriem
1141 3887 1224 3948 illam
1239 3886 1339 3948 arbo-

251 4012 321 4054 rum
344 3995 467 4074 attinet,
493 4013 566 4075 pars
588 4004 636 4056 est
655 3993 814 4073 absoluta,
840 3994 912 4072 quia
935 3994 965 4053 in
989 3992 1039 4053 illa
1055 3990 1175 4072 aequali
1190 3989 1338 4051 arborum

252 4099 479 4177 comparatione
498 4099 573 4159 nihil
595 4116 663 4158 esse
684 4106 798 4175 potest,
824 4095 907 4175 quod
931 4116 1024 4158 unam
1039 4113 1146 4156 eorum
1161 4093 1252 4156 aliam
1267 4111 1337 4154 esse

252 4201 396 4278 postulet.
