2804 4912
147 299 209 359 tto
539 319 594 361 nro.
616 320 659 361 m.
686 318 749 361 cir.
769 319 851 360 rimu.

147 489 257 550 genere
272 469 464 552 dochmiaco,
491 482 527 535 ut
548 474 580 534 in
595 471 739 553 Aeschyli
754 473 879 555 Septem
901 471 942 534 ad
959 472 1075 534 Thebas
1093 472 1192 553 etSup-

147 573 288 654 plicibus

234 811 349 896 5681.
379 818 503 879 Perraro
526 819 558 878 in
580 815 743 898 tragoediis
766 836 891 880 carmen
914 817 998 879 chori
1021 818 1155 880 invenitur
1169 835 1195 876 or

148 919 271 1000 stropha
288 920 437 999 solitaria,
464 922 609 1001 omnique
631 920 821 1002 antistropha
844 919 1045 984 destitutum:
1067 919 1138 1002 quotl
1154 936 1195 979 non

55 1069 56 1072 ,
148 1023 272 1085 videtur
283 1024 340 1084 nisi
356 1027 388 1087 in
404 1044 514 1105 magna
527 1024 661 1104 quadam
678 1033 708 1086 et
719 1024 839 1086 insolita
852 1025 1024 1087 animorum
1037 1023 1195 1086 commotione

148 1127 264 1189 factum
286 1147 365 1190 esse.
396 1129 583 1210 Exemplum
605 1129 707 1190 estin
730 1127 899 1188 Trachiniis
922 1145 953 1188 v.
972 1129 1047 1190 205.
1070 1125 1196 1191 ubisoho-

150 1232 267 1294 liastes:
287 1225 326 1294 τὸ
341 1223 538 1312 pollutricem
557 1221 618 1292 oric
634 1223 704 1294 ἔστι
720 1222 892 1310 στάσιμον,
913 1219 986 1292 ἀλλ’
1002 1223 1070 1292 ὑπὸ
1083 1231 1132 1314 τῆς
1144 1220 1197 1312 ἡδ-

151 1335 208 1417 νῇς
223 1324 409 1416 ὀρχοῦνται.
440 1334 568 1396 Videtur
589 1343 692 1397 autem
716 1343 747 1396 et
761 1335 818 1396 hoc
833 1353 957 1395 carmen
973 1353 991 1394 a
1007 1333 1127 1396 diversis
1141 1328 1197 1391 chori

148 1437 290 1519 partibus
310 1439 393 1515 cani,
426 1447 457 1498 et
477 1439 521 1499 sic
543 1438 634 1500 etiam
650 1437 793 1520 strophae
816 1437 903 1516 illae,
930 1435 970 1498 de
990 1436 1101 1517 quibus
1119 1434 1195 1519 §ott

58 1566 63 1575 ·
150 1539 284 1620 dietum,
303 1560 364 1603 nou
379 1559 448 1603 esso
464 1542 600 1602 universi
616 1542 708 1603 chori.
1240 1540 1243 1613 l

236 1778 351 1862 5682.
378 1783 471 1844 llulto
486 1785 600 1845 certius
623 1783 674 1845 illa
690 1783 774 1843 chori
789 1783 924 1844 earmina
947 1801 1010 1843 non
1031 1781 1071 1844 ah
1092 1779 1201 1842 universo

88 1921 92 1928 ·
152 1887 252 1964 choro,
273 1885 327 1948 sed
345 1907 362 1947 a
378 1884 510 1949 diversis
525 1887 668 1969 partibus
684 1888 750 1948 eius
765 1895 885 1948 cantata
902 1883 1057 1964 videntur,
1075 1879 1202 1964 inquibus

71 2007 74 2011 ·
152 2009 211 2050 non
224 2009 312 2052 suam
321 2009 463 2069 quaeque
475 1990 664 2071 antistropha
676 1989 833 2070 stropham
845 1989 969 2069 exeipit,
986 1988 1041 2051 sed
1052 1983 1203 2050 artificiosior

151 2102 199 2154 est
212 2093 500 2176 antistrophicorum
517 2093 689 2175 dispositio,
715 2093 796 2155 utin
813 2091 947 2172 Choeph.
970 2113 998 2153 v.
1016 2092 1091 2173 ¹78l.
1114 2087 1156 2152 uhi
1169 2084 1204 2145 hit

151 2205 198 2255 est
213 2196 409 2276 stropharum
421 2196 494 2258 ordo
506 2218 511 2255 ι

239 2318 281 2378 α’.
297 2309 340 2397 β’.
359 2318 401 2378 α’.
418 2309 455 2399 γ’.
471 2308 633 2400 μεσῳὸός.
650 2308 689 2398 y'.
709 2309 749 2377 δ’.
765 2308 806 2396 β’.
824 2309 865 2378 δ’.

541 2621 850 2630 -..-—---—-—-

553 2875 663 2944 OAP.
680 2875 833 2944 XXIII.

297 3047 356 3117 De
383 3045 640 3138 systematis
668 3043 1103 3137 antistrophieorum.

240 3229 355 3313 5683.
383 3231 552 3294 Artificiosa
576 3231 626 3292 illa
650 3231 845 3312 stropharum
862 3222 1032 3310 copulatio,
1058 3232 1088 3292 in
1104 3242 1155 3309 qus
1167 3213 1213 3278 ad·

155 3335 326 3398 mirabilem
339 3345 446 3417 poetae
454 3335 638 3396 Graecorum
655 3333 767 3396 scenici
783 3352 908 3414 operam
920 3333 1115 3410 collocarunt,
1132 3334 1215 3390 eorum

154 3440 276 3521 propria
292 3448 339 3502 est
354 3440 555 3517 canticorum,
581 3456 661 3518 quae
678 3436 726 3496 vel
748 3457 765 3497 a
789 3436 861 3497 solis
877 3436 1034 3499 actoribus
1059 3428 1214 3499 sinecion·

156 3544 205 3604 vel
220 3563 237 3604 a
254 3543 344 3605 choro
360 3562 430 3606 cum
446 3539 602 3604 actoribus
615 3541 710 3603 verba
723 3540 911 3618 conferente,
931 3539 980 3601 vel
996 3559 1012 3602 a
1028 3539 1158 3621 partibus
1170 3522 1218 3588 ³15·

156 3646 271 3726 quibus
287 3647 382 3710 solius
397 3646 480 3707 chori
495 3645 670 3708 alternatim
687 3651 849 3706 canuntur.

139 3947 143 3954 .
243 3886 358 3968 §684
386 3889 568 3968 Plerumque
589 3888 669 3949 inter
692 3889 819 3949 chorum
834 3894 865 3947 et
880 3895 998 3947 actores
1021 3887 1097 3947 haec
1111 3871 1220 3945 cruoritla

125 4070 129 4078 .
157 3988 254 4051 divisa
272 4001 360 4053 sunt:
385 4012 421 4054 ac
436 4001 502 4054 tum
518 4001 667 4056 vocantur
683 3983 817 4071 κομμοί.
847 3987 1028 4051 Aristoteles
1042 3989 1121 4049 Post.
1139 4003 1162 4045 o.
1180 3970 1217 4034 ⁴2·

158 4088 285 4176 κομμὸς
300 4090 347 4175 δὲ,
366 4098 491 4180 θρῆνος
506 4088 618 4170 κοινὸς
631 4096 732 4178 χοροῦ
749 4088 805 4156 καὶ
822 4084 892 4155 ἀπὸ
908 4093 1036 4177 σκηνῆς.
