2804 4912
549 333 717 374 PRAEFATIO.
1148 335 1182 375 XV

92 485 189 551 stocl.
208 504 235 550 c.
255 487 308 550 21.
327 483 386 550 sed
399 503 530 566 quorum
545 482 682 547 maxime
697 482 886 570 sententiam
902 483 1062 565 requiras,
1086 484 1184 549 Hem-

93 592 274 657 sterhusius
289 597 320 656 et
334 590 583 668 Valckenarius,
606 591 686 655 alter
701 589 777 656 alibi
792 609 827 655 se
842 590 984 673 pluribus
1000 591 1083 656 hanc
1097 592 1184 657 locu-

93 701 214 765 tionem
229 699 471 783 explanaturum
487 697 576 776 dicit,
596 698 692 776 alter,
709 697 939 763 Hemsterhusii
954 699 1085 764 consilio
1100 700 1184 766 diem

94 826 277 891 supremum
292 806 500 872 intervenisse
514 811 621 883 ratus,
644 811 767 881 monet,
791 811 845 884 ut,
870 806 923 888 qui
938 806 979 871 de
994 806 1102 873 haere
1118 807 1184 873 dis-

93 915 202 998 putari
229 914 324 993 velit,
355 914 554 979 Scholiastcn
583 912 716 978 LucIani
738 913 776 976 T.
795 913 838 976 ΙΙ.
863 934 896 997 p.
915 917 989 979 270.
1019 915 1181 994 adhibeat,

93 1022 179 1086 mira
194 1041 271 1086 sane
286 1021 478 1098 tradentem,
497 1020 554 1086 sod
568 1041 680 1105 parum
695 1021 835 1104 prolecto
851 1021 1021 1087 fructuosa.
1053 1024 1185 1089 Abomi-

93 1129 206 1194 mandi
228 1129 394 1195 formulam
416 1147 507 1206 esse,
532 1127 611 1193 satis
633 1133 766 1193 constat.
802 1125 895 1204 Quod
917 1129 1085 1212 colligunt,
1109 1131 1184 1213 quia

93 1231 148 1312 εἰς
176 1234 236 1312 τὰς
265 1231 355 1320 ὥρας
384 1235 492 1299 ἵκοιτο
522 1235 677 1319 significet
705 1235 738 1300 in
775 1235 1002 1319 proximum
1038 1257 1183 1302 annum

92 1345 253 1424 veniat,
278 1343 421 1410 eamdem
436 1343 725 1428 interpretationem
740 1343 836 1408 etiam
851 1343 1017 1426 negativae
1032 1345 1185 1410 formulae

92 1452 312 1517 adhibendam
334 1472 422 1531 esse,
454 1472 566 1536 pamm
596 1452 687 1516 firma
708 1451 979 1533 argumentatione
1002 1455 1183 1519 conclusum
1238 1499 1240 1503 «

91 1566 156 1624 est.
203 1558 289 1625 Sanc
316 1560 444 1642 quidem
473 1559 519 1624 ita
548 1557 633 1640 loqui
662 1557 736 1623 licet
764 1556 797 1621 in
827 1558 916 1641 epieo
942 1560 1098 1640 carmine,
1130 1568 1185 1627 aut

92 1667 239 1748 elegiam
268 1675 322 1731 aut
351 1667 469 1752 lyrico,
501 1672 536 1731 ut
563 1666 598 1765 in
627 1663 728 1747 epigr.
761 1663 870 1730 incert.
889 1666 980 1730 XIII.
1005 1686 1032 1731 s.
1050 1668 1179 1734 Anthol.

92 1773 168 1839 Pal.
186 1773 262 1841 XII.
284 1778 355 1838 107.

131 1970 136 1979 ’
183 1985 241 2053 τὸν
262 1983 381 2068 καλόν,
406 1979 433 2052 ui
456 1983 619 2074 Χάριτος,
642 1983 839 2068 Διονύσιον,
862 1981 895 2054 εἰ
914 1985 975 2070 μὲν
997 1986 1108 2055 ἕλοιτο

259 2088 367 2177 τάμά,
388 2093 447 2162 καὶ
469 2091 519 2173 εἰς
541 2091 631 2182 ὥρας
653 2083 748 2171 αὖτις
768 2087 882 2182 ἄγοιτο
904 2091 1021 2160 καλόν·

184 2197 216 2267 εί
239 2195 268 2267 δ’
292 2199 404 2288 ἕτερον
427 2201 587 2288 στέρξαι,
610 2199 730 2287 παρείς
752 2199 827 2286 ἐμέ,
849 2200 972 2289 μύρτον
996 2201 1097 2270 ἕωλον

285 2306 438 2400 ἒρῥίφθω
460 2305 781 2399 ξηροῖςιφυρόμινον
803 2308 993 2395 σκυβάλοις.

91 2528 140 2595 At
159 2526 246 2612 apud
260 2527 383 2595 Atticos
405 2535 437 2594 et
458 2528 492 2593 in
513 2546 609 2612 prosa
631 2524 771 2592 oratione
794 2518 926 2603 εἰςτὰς
948 2521 1037 2614 ιῖίρος
1055 2531 1180 2613 dicitur,

91 2635 151 2701 ubi
177 2654 280 2701 annus
309 2635 470 2719 proximus
492 2634 706 2718 significatur:
734 2654 765 2700 v.
789 2634 900 2718 Eurip.
925 2634 996 2720 Iph.
1014 2639 1086 2705 Aul.
1108 2644 1180 2707 122.

91 2741 257 2826 Aristoph.
266 2742 347 2807 Ran.
359 2744 433 2807 380.
445 2743 528 2807 Nub.
541 2741 747 2806 562.'Ihesm.
759 2744 833 2805 950.
845 2741 939 2825 Diog.
950 2744 1055 2810 Laert.
1071 2748 1113 2811 Π.
1126 2752 1178 2814 32.

10 2932 12 2937 Ι
92 2848 152 2933 qui
171 2850 260 2917 Iocus
281 2849 315 2915 in
336 2848 447 2933 primis
461 2849 504 2914 ad
526 2848 609 2913 hanc
623 2869 689 2914 rem
703 2849 958 2916 accommodatus
974 2857 1032 2916 cst.
1057 2854 1106 2918 Ex
1121 2877 1182 2938 quo

91 2962 240 3042 apertum
255 2962 305 3024 est
319 2956 412 3022 aliter
426 2956 647 3040 explicandam
662 2974 734 3021 csse
749 2955 832 3020 hano
846 2957 1023 3022 formulam.
1057 2962 1103 3026 Ac
1118 2984 1182 3029 non

92 3064 200 3130 solum
220 3059 265 3151 μὴ
287 3058 412 3150 ὥρασιν
431 3058 585 3143 ἱκέσθαι,
608 3063 665 3129 sed
681 3063 776 3129 etiam
790 3058 836 3150 μὴ
854 3058 943 3150 ὥρας
959 3059 1114 3149 ἱκέσθαι,
1132 3078 1182 3137 at-

86 3191 157 3255 que
171 3170 253 3237 adeo
275 3166 321 3257 μὴ
337 3165 426 3256 ὥραν
440 3165 531 3245 τινὸς
548 3164 724 3256 γίγνεσθαι
739 3170 801 3236 dici
816 3169 979 3252 videmus,
1003 3195 1067 3257 qua
1082 3179 1183 3246 forma

91 3296 175 3345 usus
190 3285 240 3345 est
246 3278 431 3345 Timocreon
443 3278 585 3345 Rhodius
601 3278 686 3362 apud
696 3278 899 3345 Plutarchum
910 3279 1063 3349 'Ihemist
1082 3305 1110 3350 c.
1126 3290 1178 3351 21.
1290 3267 1297 3280 ’

90 3384 188 3451 cuius
202 3404 332 3463 versus,
356 3385 410 3468 qui
425 3405 465 3451 cx
480 3385 614 3469 epitritis
630 3391 661 3452 et
675 3385 841 3470 dactylicis
862 3388 1001 3455 numeris
1017 3395 1182 3477 compositi

89 3497 189 3570 sunt,
205 3491 251 3557 ita
265 3491 421 3558 scribendi
436 3491 600 3558 videntur:

184 3698 257 3770 ἀλλ’
295 3701 328 3774 ei
363 3701 439 3795 τίγι
465 3701 683 3791 Παυσανίαν,
721 3701 742 3798 l}
778 3710 836 3778 καί
868 3709 944 3799 τύγε
975 3709 1182 3784 Ξάνθιππον

649 3810 765 3900 αἰνεῖς,

185 3911 208 4007 ἢ
228 3917 303 4008 τύγε
323 3918 554 4006 Λευτυχίδαν,
578 3920 641 4009 ἐγὼ
663 3918 693 3989 δ’
715 3921 923 4011 Ἀριστείδαν
945 3925 1100 4009 ἐπαινέω,

187 4018 276 4116 ἄνδρ’
300 4025 392 4116 ίσρᾶν
414 4024 474 4097 ἄττ’
497 4032 645 4097 Αθανᾶν

187 4129 299 4201 ἐλθεῖν
320 4135 378 4203 ἕνα
400 4138 544 4225 λῷστον·
572 4135 648 4204 ἐπεὶ
672 4135 893 4229 Θεμιστοκλῆ’
915 4135 1045 4230 ἤχθαρε
1058 4139 1178 4227 Aeaci,
