2804 4912
165 153 205 213 44
567 169 622 210 ιιι.
644 169 675 209 ιι.
711 167 773 209 car.
792 167 856 208 xru.

248 320 272 401 ξ
289 319 363 386 135.
389 323 576 383 Dimetris
599 323 646 407 usi
669 329 788 382 suntet
808 319 896 398 lyrici
911 328 942 380 et
956 320 1061 398 tragici
1084 328 1115 380 et
1130 321 1249 381 comici.

162 428 299 500 Quorum
315 427 376 486 iam
391 423 615 486 Anacreontem
630 432 661 484 ct
675 421 854 484 Alcmenam
870 442 922 484 eos
938 423 969 482 in
985 431 1152 501 systemata
1174 442 1255 484 con-

162 531 299 591 iunxisse
315 529 413 591 videri
428 529 572 590 observat
586 525 777 588 Gaisfordius
792 525 833 587 ad
848 526 944 604 Heph.
964 545 994 606 p.
1009 527 1081 586 243.

246 700 270 781 §
288 698 361 766 136.
390 701 591 762 Vsitatissima
615 708 689 761 sunt
711 698 795 778 apud
814 700 945 760 comicos
961 707 1129 777 systemata
1145 699 1255 761 dime-

161 814 293 884 trorum,
319 825 413 867 versu
437 803 611 865 catalectico
636 803 735 880 finita,
761 811 792 863 et
814 821 874 863 una
900 801 1104 881 perpetuitate
1128 806 1255 865 numeri

161 908 366 987 cohaerentia,
393 909 434 969 ita
457 916 492 968 ut
506 925 569 967 non
584 905 673 967 modo
689 905 786 968 dividi
809 908 840 966 in
857 906 917 966 fine
934 923 1082 966 versuum
1100 906 1254 969 vocabula

160 1013 289 1089 possint,
309 1011 364 1072 sed
379 1012 471 1073 otiam
483 1011 584 1072 hiatus
600 1017 632 1071 et
646 1010 765 1091 syllaba
778 1029 891 1089 anceps
904 1007 1097 1087 excludatur,
1117 1029 1153 1070 ao
1169 1011 1252 1072 solvi

160 1113 300 1176 ultimam
316 1116 399 1176 arsin
415 1114 512 1175 liceat.
547 1110 767 1194 Aristophanes
782 1111 914 1174 Acharn.
938 1112 1030 1172 loll).

245 1210 382 1296 κατάχει
398 1209 436 1279 σὺ
452 1215 510 1299 τῆς
523 1212 646 1300 χορδῆς
660 1209 699 1277 τὸ
713 1211 801 1296 μέλι,

309 1318 368 1395 τὰς
384 1313 508 1404 σηπίας
524 1312 678 1381 στάθευε.

159 1420 332 1504 Anapaesto
348 1443 408 1484 non
421 1435 468 1486 est
479 1425 565 1488 locus
577 1427 636 1488 nisi
652 1427 683 1486 in
696 1426 794 1502 primo
806 1421 884 1502 pede
897 1421 1049 1503 dipodiae.
1076 1426 1255 1505 Corruptus

159 1535 206 1588 est
220 1529 339 1609 primus
357 1547 464 1591 versus
480 1531 511 1590 in
528 1531 585 1591 hoc
601 1529 742 1607 exemplo
757 1525 968 1606 Aristophanis
984 1529 1040 1609 llq.
1057 1529 1127 1589 453.

244 1621 326 1693 παῖ’
343 1621 443 1696 αὐτὸν
458 1624 690 1715 ἀνδρικώτατα
706 1626 764 1694 καὶ

243 1727 396 1816 γάστριζε
410 1734 519 1798 τοῖσιν
536 1730 679 1818 ἐντέροις

243 1833 302 1898 καὶ
318 1836 392 1910 τοῖς
406 1830 536 1912 κόλοις·

306 1930 431 2019 χῶπως
444 1939 529 2027 κολᾷ
544 1935 601 2005 τὸν
617 1930 734 2024 ἄνδρα.

243 2110 267 2191 §
284 2108 358 2176 137.
386 2115 501 2194 Tragici
524 2115 578 2177 ubi
600 2113 775 2176 huiusmodi
792 2116 969 2193 systematis
987 2124 1138 2193 utuntur,
1157 2117 1254 2180 linire

157 2234 193 2275 ea
210 2215 309 2276 solent
331 2236 425 2280 versu
454 2218 533 2280 alius
561 2220 698 2299 generis,
730 2227 765 2279 ut
787 2219 894 2298 Eurip.
929 2221 960 2278 in
984 2220 1092 2279 Oreste
1117 2240 1146 2280 v.
1169 2222 1248 2283 988.

151 2317 204 2378 ed.
225 2320 307 2381 Pors.
341 2327 343 2334 '

242 2414 324 2484 ὅθεν
340 2415 477 2503 δόμοισι
491 2425 565 2500 τοῖς
580 2420 675 2505 ἐμοῖ-

241 2542 294 2587 σιν
308 2512 386 2610 ἦλθ’
403 2515 469 2608 ἆρὰ
485 2522 702 2606 πολύστονος,

240 2619 386 2708 λόχευμα
401 2623 593 2711 ποιμνίοισι
607 2625 772 2707 Μαιάδος
785 2625 881 2696 τόκον

240 2725 278 2794 τὸ
293 2725 524 2814 χρυσόμαλλον
539 2726 639 2818 οἷρνὸς
654 2728 750 2798 ὁπότ’

129 2910 132 2918 Ι
241 2829 367 2917 ἐγένετο
383 2831 481 2921 τέρας
496 2827 594 2902 ὀλοὸν
609 2829 708 2901 ὀλοὸν

303 2930 434 3021 Ἀτρέος
449 2932 632 3022 innuptam.

240 3111 263 3191 §
277 3108 351 3176 138.
372 3110 464 3192 Apud
474 3114 613 3176 Plautum
626 3114 734 3175 eodem
748 3115 837 3176 modo
850 3125 1050 3196 perpetuatus
1065 3137 1121 3198 per
1131 3130 1246 3197 syste-

156 3223 238 3274 mata
253 3234 418 3296 numerus‚
445 3226 476 3278 et
492 3218 666 3279 catalectico
683 3238 776 3280 versu
792 3221 897 3280 finitus
914 3220 1086 3300 invenitur,
1108 3231 1141 3283 ut
1156 3222 1249 3302 apud

155 3317 286 3379 Graecos
303 3320 441 3381 comicos
476 3321 561 3382 Vtin
577 3322 745 3383 Cistellaria
762 3324 796 3383 ll.
824 3326 847 3400 l,
866 3326 912 3384 ll.

256 3470 262 3482 .
314 3470 320 3483 .
368 3425 539 3485 minitantis
554 3424 687 3486 moribus·

241 3544 354 3588 mecum
371 3527 548 3606 caperetur:
566 3527 610 3588 lta
626 3547 722 3590 νιαινι

239 3628 359 3711 sranpt't
373 3637 522 3692 amentem
539 3632 683 3710 σοι’ννιανη,
702 3635 755 3694 ae'c
770 3635 830 3696 nisi
843 3633 917 3715 quio

240 3735 331 3794 νιισέν
345 3752 405 3794 non
420 3752 595 3815 capessunt,
614 3734 680 3798 otta
695 3734 778 3800 cheat

304 3836 379 3896 mitt·
389 3837 507 3917 perdito
518 3839 679 3919 pernicies.

154 3940 188 3998 V.
200 3937 297 3998 lllem.
317 3937 348 3998 d.
369 3959 409 4000 m.
429 3961 459 4021 p.
473 3939 544 4002 397.
561 3951 592 4002 et
605 3944 675 4003 394.
701 3941 844 4003 Vltimam
857 3947 940 4007 arsin
952 3947 1118 4008 catalectici
1131 3965 1246 4010 versus

153 4041 261 4102 Graeci
275 4051 383 4121 poetae
398 4063 460 4105 non
476 4045 609 4108 solvunt.
