2804 4912
522 321 558 363 ns
575 321 727 363 mosoma.
1129 305 1166 365 21

171 473 196 555 ᾗ
212 469 266 538 76.
292 474 385 536 llulto
400 473 588 553 frequentior
602 472 688 554 apud
702 474 833 535 Graecos
848 473 1065 554 productio
1080 496 1171 558 pro-

80 588 171 661 pter
185 586 371 655 metrum,
391 595 484 657 quam
500 577 700 655 correptio
715 584 771 637 est.
798 578 972 657 Vsurpatur
986 598 1020 639 ea
1038 580 1170 642 maxime

80 683 116 744 in
134 700 228 742 versu
242 681 373 758 heroico,
399 689 430 740 et
444 680 607 760 praecipue
624 680 654 740 in
671 680 798 742 vocibus
814 679 927 741 multas
942 679 1055 743 breves
1070 683 1171 763 sylla-

80 785 144 847 bas
157 782 353 862 habentibus,
378 802 458 863 quae
472 783 562 844 aliter
575 783 672 863 aptari
689 791 785 845 metro
799 802 861 844 non
875 792 1016 865 possunt.
1048 785 1171 849 Produ-

79 888 166 950 citur
187 895 290 949 autem
314 887 446 947 maxime
467 886 566 969 prima
589 894 709 948 tantum
731 887 840 948 horum
864 885 1028 949 verborum
1051 889 1171 967 syllaba

79 1000 114 1052 et
129 989 258 1070 quidem
274 991 306 1051 in
321 991 382 1052 arsi
398 991 534 1068 metrica,
550 998 616 1051 tum
632 1009 689 1070 per
704 990 801 1068 ipsius
817 991 959 1052 metricae
974 1010 1078 1054 arseos
1094 993 1167 1073 vim,

82 1104 153 1156 tum
173 1092 257 1173 quod
277 1094 397 1155 initium
418 1092 562 1154 vocabuli
585 1095 667 1154 arsin
683 1092 777 1155 habet
798 1095 889 1155 etiam
905 1096 1043 1175 numeri,
1069 1098 1170 1176 quiin

82 1200 152 1278 ipso
164 1196 315 1258 vocabulo
326 1205 383 1258 est.
410 1196 590 1259 Cuiusmodi
602 1195 697 1259 verba
711 1206 785 1259 sunt
800 1188 965 1275 ἐπίτονος,
978 1193 1170 1283 θυγατέρες,

81 1290 307 1378 ἀπονέεσθαι,
323 1289 506 1379 ἀκάματος,
524 1287 707 1376 ἀθάνατος,
723 1299 808 1380 quod
821 1311 1013 1382 postremum
1029 1303 1172 1366 vocabu-

79 1405 150 1467 lum
165 1401 238 1465 inde
254 1401 337 1484 apud
351 1399 465 1464 Atticos
482 1403 647 1484 legitimam
662 1405 781 1486 accepit
800 1406 918 1485 primae
939 1405 1078 1484 syllabae
1093 1427 1170 1487 pro-

81 1505 272 1569 ductionem.
299 1507 349 1568 Sic
359 1507 451 1568 etiam
467 1507 500 1567 in
511 1507 686 1588 compositis
698 1526 760 1568 non
776 1509 914 1587 quaevis,
931 1507 988 1569 sed
1002 1518 1057 1570 aut
1071 1511 1170 1590 prima

79 1610 261 1692 posterioris
277 1612 359 1672 vocis
375 1610 506 1690 syllaba,
522 1612 603 1672 utin
619 1603 877 1689 ἐξαπονέεσθαι,
890 1619 945 1673 aut
958 1613 1066 1673 ultima
1081 1615 1169 1692 prio—

79 1715 125 1775 ris
147 1712 180 1773 in
200 1713 261 1774 arsi
282 1713 406 1775 metrica
428 1712 626 1793 producitur,
653 1714 714 1774 fine
729 1714 868 1792 numeri,
894 1716 948 1793 qni
972 1715 1003 1775 in
1019 1715 1170 1779 vocabulo

81 1826 140 1895 est,
159 1823 192 1878 et
206 1816 237 1876 vi
252 1835 355 1878 arseos
371 1817 515 1878 metricae
530 1814 763 1896 productionem
780 1815 956 1897 adiuvante,
983 1826 1019 1880 ut
1035 1818 1121 1881 lliad.
1140 1839 1168 1881 τ.

83 1921 136 1982 35.
163 1917 277 1999 Odyss.
296 1940 325 1980 κ.
344 1921 415 1982 469.
1126 1933 1128 1938 ’

169 2031 266 2115 μῆνιν
282 2020 458 2092 ἀποειπὼν
468 2020 698 2113 Ἀγαμέμνονι,
715 2022 852 2111 ποιμένι
868 2027 966 2094 λαῶν.

171 2134 229 2219 βῆν
245 2126 282 2196 δὲ
295 2126 551 2220 καταλοφάδεια
567 2126 677 2220 φίρων
695 2128 753 2196 ἐπὶ
767 2134 830 2219 νῆα
844 2127 1013 2213 μέλαιναν.

88 2254 156 2315 Etsi
172 2254 202 2315 in
221 2255 270 2316 his
290 2254 440 2335 exemplis
456 2254 584 2316 sortasse
605 2253 776 2336 digamma,
804 2256 853 2317 vel
870 2254 1035 2334 duplicatio
1053 2257 1168 2319 litterae

82 2356 229 2438 liquidae,
249 2377 310 2438 qua
326 2376 419 2439 saepe
434 2367 565 2420 utuntur
579 2359 668 2439 epici,
694 2358 812 2439 aliquid
826 2358 867 2420 ad
882 2357 1072 2440 producendi
1086 2360 1168 2422 laci-

80 2461 200 2523 litatem
215 2461 352 2523 contulit.

169 2663 262 2746 577.
296 2668 564 2750 correptiones
586 2667 649 2730 fere
670 2668 844 2730 necessitati
860 2667 1028 2747 debentur,
1055 2677 1121 2730 tum
1137 2671 1169 2733 in

79 2770 262 2833 nominibus
277 2773 408 2851 propriis
424 2771 511 2831 aliter
527 2780 659 2833 metrum
675 2789 735 2832 non
750 2769 1005 2851 ingredientibus,
1027 2760 1168 2834 Ἀθένα-

79 2876 163 2952 θεν,
183 2866 405 2958 Θονκυδίδης,
424 2865 618 2958 (Ρονφίνισς
633 2873 776 2935 secundis
793 2873 920 2954 syllabis
936 2875 1098 2954 correptis,
1118 2875 1167 2935 vol

78 2967 288 3051 Ἐλευσίνιος
309 2978 414 3055 tertia,
448 2977 497 3037 vel
520 2994 718 3057 praegressae
742 2996 853 3038 nomon
879 2977 1038 3058 proprium
1067 2978 1167 3055 sylla-

83 3080 152 3162 bae,
170 3090 208 3142 ut

169 3184 205 3254 σί
221 3186 258 3255 δὲ
272 3183 450 3254 Ζάκυνθον
466 3182 551 3270 ἕχον,

170 3287 265 3358 ἔσται
280 3295 397 3372 ταῦτα,
413 3287 611 3378 Σκάμανδρε
626 3287 812 3379 διοτρεφές,
830 3284 876 3367 ὡς
891 3286 930 3355 ori
946 3288 1100 3369 κελεύεις.

169 3390 326 3460 Χαλκίδα
341 3388 381 3475 τ’,
396 3388 573 3481 Εἰρετρίαν
587 3417 633 3474 τε,
646 3387 905 3482 πολυστάφυλόν
919 3387 956 3460 θ’
969 3388 1146 3476 Ἱστίαιαν,

79 3528 151 3581 tum
171 3520 203 3579 in
226 3519 292 3581 aliis
314 3519 494 3580 necessariis
514 3517 657 3596 vocibus,
683 3525 719 3579 ut
738 3526 809 3579 ante
825 3509 1026 3601 σκέπαρνον,
1049 3518 1162 3599 Odyss.

79 3642 106 3684 ε.
125 3624 199 3682 237.
225 3643 245 3681 ι.
264 3624 341 3700 394,
369 3621 417 3682 vel
439 3621 548 3682 extrita
573 3622 687 3699 littera,
708 3629 743 3682 ut
764 3621 797 3681 in
818 3612 979 3700 τίπανσν,
1006 3622 1054 3682 vel
1074 3622 1165 3683 etiam

78 3725 267 3805 negligentia
283 3725 428 3805 quadam,
450 3734 483 3786 ut
497 3723 582 3803 apud
599 3722 765 3786 Hesiodum
780 3724 816 3785 O.
836 3733 868 3786 et
882 3726 916 3785 D.
937 3725 1009 3786 589.

171 3835 222 3930 εἴη
237 3837 379 3929 πετραίη
395 3865 431 3906 τε
447 3837 527 3929 σκιὴΙ
536 3839 593 3907 καὶ
607 3835 758 3926 βίβλινος
773 3830 874 3920 οἶνος,

77 3977 112 4029 et
133 3964 219 4046 apud
234 3967 391 4027 Comicum
413 3966 539 4029 citatum
555 3966 679 4046 Diogeni
700 3965 817 4027 Laertio
832 3965 866 4025 ll.
889 3967 959 4047 l08.
976 3974 1008 4026 ct
1022 3964 1118 4027 Suida
1134 3966 1166 4026 in

79 4061 417 4156 ρομβοστωμυλήδρα
427 4090 434 4129 2

169 4177 299 4274 dnbld'
316 4180 398 4268 dictor
412 4182 655 4273 Δημοσθένους
669 4181 726 4273 τὴν
742 4180 1102 4274 ραμβσστονμολήθραν,
