2804 4912
542 319 580 362 οε
596 317 746 361 arnonas.
1128 297 1191 361 205

128 465 295 551 morum,
325 469 382 532 sed
404 472 561 533 trochaeos
584 480 739 532 semantos
761 468 991 548 duodenorum,
1021 469 1135 549 quibus
1155 490 1189 530 ea

128 558 316 638 mbrorum
336 576 492 656 proportio
513 584 544 636 et
564 575 748 656 comparatio
770 574 958 653 restituitur,
984 575 1016 634 in
1039 591 1100 653 qua
1116 573 1191 633 nihil

128 705 132 731 ι
172 678 276 756 quod
291 676 475 758 reprehendi
490 678 596 760 possit.
630 679 737 739 lnveni
759 687 861 739 autem
882 696 983 757 usque
998 676 1101 739 adhuc
1117 686 1191 738 tan-

128 783 136 822 ¹
162 792 265 859 quos
280 783 439 845 trochaeos
455 791 626 860 semantos,
653 780 789 844 nondum
806 800 884 861 quos
899 783 1014 843 orthios
1029 799 1097 842 esse
1113 799 1190 860 pro-

128 871 207 943 ile
226 887 390 950 videretur.
424 885 510 948 Pind.
530 886 616 965 Pyth.
636 886 658 946 l.

170 1009 251 1083 τᾶς
271 998 388 1071 ἀκούει
403 1042 420 1053 -
434 1001 495 1087 μὲν
515 999 615 1088 βάσις
637 996 779 1089 ἀγλαΐας
794 1042 810 1051 -
826 997 943 1089 ἀρχά,

173 1104 430 1174 πείθον-ται
452 1102 482 1171 δ’
505 1100 620 1174 ἀοιδοὶ
642 1103 798 1190 σάμασιν.

128 1226 276 1313 chyros
294 1233 385 1295 Eum.
406 1232 479 1294 322.

177 1356 305 1436 μᾶτερ,
329 1345 406 1434 ἅμ’
430 1345 564 1431 ἔτικτες,
589 1343 648 1414 ὦ·
662 1356 804 1435 μᾶτερ.

182 1453 267 1536 Νύξ,
295 1445 434 1520 ἀλαοῖσι
455 1450 513 1519 καὶ
535 1449 729 1538 δεδορκόσιν
744 1493 760 1502 -
776 1448 942 1517 ποινάν.

128 1568 147 1628 »ἰ
176 1596 311 1659 paeon
333 1578 524 1660 epibatus
546 1597 563 1638 a
586 1578 711 1639 musicis
727 1586 854 1638 vocatur
874 1585 977 1638 utrum
1000 1575 1132 1637 duorum
1149 1595 1186 1635 an

128 1680 237 1743 &rium
260 1691 434 1762 temporum
455 1681 591 1761 syllabas
607 1681 734 1763 haheat,
760 1700 820 1742 non
842 1690 888 1741 cst
904 1679 1060 1743 traditum.
1094 1680 1137 1740 De
1153 1699 1189 1740 eo

128 1776 250 1848 ascidas
280 1786 487 1858 Quintilianus
516 1805 546 1866 p.
567 1788 618 1848 38.
645 1781 757 1847 παίων
787 1776 965 1865 calceate,
997 1776 1032 1844 ἐκ
1058 1783 1189 1867 μακρᾶς

129 1871 232 1964 ἕσεως
253 1884 311 1952 καὶ
332 1889 463 1972 μακρᾶς
484 1877 628 1974 ἕν’ρσεως,
660 1882 718 1951 καὶ
740 1879 800 1949 δύο
822 1888 958 1969 μακρῶν
982 1879 1109 1949 θέσεων
1130 1880 1188 1947 καὶ

132 1995 232 2075 ακρᾶς
259 1982 395 2076 ἅρσεως.
433 1994 472 2054 Et
493 2013 560 2074 pag.
582 1995 632 2054 98.
659 1984 785 2054 τούτων
813 1980 842 2052 δ’
866 1981 884 2052 ὁ
912 1984 1073 2071 taciperto
1099 1982 1187 2051 κεκί-

128 2107 196 2175 hrot
217 2092 363 2177 μᾶλλον,
393 2089 625 2180 συνταράττον
645 2089 706 2177 μὲν
727 2095 767 2180 τῇ
797 2091 899 2180 διπλῇ
921 2088 1019 2156 θέσει
1040 2088 1098 2178 τὴν
1120 2101 1187 2178 ψο-

128 2189 177 2282 ήν·
214 2193 249 2273 ἐς
275 2191 366 2284 ὕψος
393 2193 431 2262 δι’
458 2200 505 2284 τῷ
532 2193 672 2284 μεγέθει
700 2198 766 2261 τῶν
795 2186 921 2280 deosum
949 2191 1006 2284 τὴν
1036 2189 1188 2259 διάνοιαν

128 2294 280 2387 ξερείρων.
333 2305 408 2365 Eius
442 2305 555 2365 mentio
585 2314 632 2364 est
661 2301 745 2383 apud
775 2302 969 2364 Plutarchum
1001 2301 1040 2362 de
1071 2303 1186 2362 musica

128 2456 129 2466 .
151 2409 245 2468 llll.
264 2404 300 2468 Α.
329 2409 421 2470 lll3.
442 2410 474 2468 B.
508 2409 645 2468 Fortasse
667 2407 723 2467 hoc
744 2425 872 2467 numero
893 2415 941 2468 est
963 2405 1047 2485 apud
1064 2406 1187 2482 Sopho-

128 2530 178 2572 em
194 2512 225 2571 in
241 2509 391 2592 Antigona
410 2513 502 2574 lltl.
524 2512 616 2571 4432.

128 2645 145 2660 ’
186 2632 299 2717 Δηοῦς
322 2626 356 2693 ἐν
378 2624 529 2705 κόλποις.
602 2696 607 2706 ‚

186 2728 354 2821 κισσήρεις
376 2724 491 2814 ὄχθαι.

128 2877 158 2918 ιιι
175 2858 284 2936 longae
300 2857 438 2938 syllabae
454 2858 634 2918 coniunctae
649 2864 723 2917 sunt
737 2853 821 2933 apud
837 2854 1004 2916 Pindarum
1018 2856 1065 2915 Ol.
1086 2855 1133 2915 lV.
1152 2856 1180 2915 l.

185 2969 299 3053 ξείνων
321 2967 351 3038 d'
375 2963 411 3039 εὖ
433 2971 656 3061 πρασσόντων.

184 3069 236 3163 εἴη
259 3077 400 3154 λοιπαῖς
421 3071 544 3160 εὐχαῖς.

485 3297 794 3307 μ

523 3469 637 3538 ΟΔΡ.
651 3469 758 3538 XIV.

439 3621 507 3690 De
551 3613 838 3714 strophis'

181 3789 297 3875 5565.
331 3792 501 3871 Versuum,
528 3800 747 3871 systematum,
774 3791 967 3869 stropharum
988 3789 1181 3852 definitiones

128 3899 286 3959 atricieas
309 3905 495 3975 posuerunt,
526 3894 641 3974 quihus
657 3893 839 3977 perturbari
862 3895 957 3973 magis
979 3904 1010 3954 οι
1033 3893 1179 3956 conlundi

128 4003 248 4079 tiones,
275 4018 368 4079 quam
392 3999 538 4078 explicari
561 4007 654 4077 atque
677 3997 822 4077 distingui
843 4015 969 4058 necesse
992 3999 1040 4059 sit.
1078 4000 1179 4070 Quare

128 4123 148 4165 s
163 4105 232 4165 aliis
247 4102 469 4163 difinitionihus
485 4104 609 4164 utimur.
645 4103 791 4162 Versus
814 4110 861 4162 est
881 4121 1030 4163 numerus
1053 4119 1133 4162 unus
1149 4108 1179 4160 et

128 4219 220 4288 leger,
240 4207 294 4285 qui
310 4225 372 4267 uno
388 4208 497 4284 spiritu
514 4207 704 4285 pronuntiari
719 4213 828 4284 potest.
