2804 4912
147 299 199 340 Vlii
602 296 769 337 PRAEFATlO.

148 468 222 516 vere
237 446 431 512 intellexisse
445 446 630 523 videantur,
656 445 750 512 facile
764 444 902 530 reperiat
916 443 950 509 id
964 465 1002 512 eo
1017 447 1135 512 factum
1151 467 1239 528 esse,

149 556 249 639 quod,
271 575 366 637 quum
387 572 512 618 onmem
526 551 624 618 vitam
642 553 676 617 in
691 553 885 634 singulorum
900 553 1038 618 locorum
1054 555 1244 619 verborum-

149 682 210 747 que
225 660 435 746 explicatione
450 660 716 743 consumpserint,
739 679 802 724 non
823 659 981 744 potuerint
1000 680 1038 726 eo
1058 663 1240 744 pervenire,

149 777 196 847 ut,
210 769 293 834 unde
304 767 408 834 omnia
425 768 575 852 pendent,
590 772 738 844 mentem,
752 765 929 845 consilium,
942 766 1105 849 ingenium
1115 788 1240 848 eorum,

151 897 282 961 quorum
309 875 434 959 scriptis
461 880 624 958 tantopere
649 870 854 952 insudarunt,
882 873 1106 958 perspicerent.
1146 875 1244 953 Quod

152 985 179 1050 si
194 1001 339 1049 numeros
361 988 556 1065 spectamus,
580 1001 661 1064 quae
681 999 731 1045 res
751 986 817 1045 tota
837 981 880 1045 ad
900 981 1023 1047 animos
1038 1001 1245 1049 commoven-

153 1093 210 1157 dos
230 1091 359 1155 inventa
373 1095 437 1167 est,
461 1088 531 1172 quis
551 1109 614 1154 non
630 1087 732 1165 videt,
756 1107 827 1152 eum
848 1088 974 1153 demum
995 1089 1115 1172 aliquid
1132 1090 1166 1155 in
1180 1091 1247 1158 boc

153 1218 268 1282 genere
293 1197 460 1281 proficere,
488 1195 541 1279 qui
563 1196 681 1279 scripta
701 1199 864 1278 poetarum
885 1195 930 1260 ita
955 1197 1058 1279 legat,
1086 1203 1137 1277 ut,
1166 1197 1246 1264 dum

154 1306 307 1372 dictorum
327 1304 360 1370 vi
381 1303 569 1370 commoveri
592 1322 662 1367 sese
681 1301 774 1379 velit,
802 1302 1009 1386 numerislad
1028 1301 1063 1368 id
1087 1310 1123 1370 ut
1147 1305 1246 1371 adiu-

155 1420 277 1490 mento,
300 1412 353 1495 qui
369 1410 441 1475 finis
456 1415 488 1476 et
502 1429 583 1492 quae
598 1409 697 1474 virtus
713 1416 760 1475 est
775 1429 990 1486 numerorum,
1013 1416 1134 1476 utatur:
1158 1413 1248 1496 quod

150 1518 264 1586 'bontra
278 1520 323 1597 is,
346 1518 399 1602 qui
414 1519 512 1582 multo
532 1517 639 1582 labore
659 1517 800 1599 singulas
818 1517 958 1602 syllabas
972 1519 1143 1602 ponderat,
1168 1521 1248 1602 quia

156 1628 340 1705 nonhabet,
363 1624 447 1690 unde
461 1624 537 1708 quid
552 1631 660 1707 aptum
676 1624 752 1707 quid
766 1624 907 1707 ineptum
923 1625 975 1702 sit,
1000 1624 1162 1705 diiudicet,
1180 1649 1248 1693 non

157 1735 271 1822 poterit
285 1756 364 1811 non,
388 1739 422 1798 ut
436 1732 482 1797 ait
495 1731 678 1811 Terentius,
702 1731 805 1796 facere
825 1731 1029 1814 intelligendo
1049 1738 1084 1798 ut
1098 1731 1178 1795 nihil
1193 1731 1248 1796 in-

156 1843 290 1926 telligat.
327 1840 392 1907 Sed
418 1839 565 1922 quoniam
590 1838 624 1902 in
644 1837 704 1903 hoc
723 1858 839 1920 genere
859 1839 965 1904 omnia
984 1836 1027 1903 ad
1047 1858 1175 1905 sensum
1194 1858 1250 1904 re-

158 1953 271 2028 deunt,
294 1949 347 2032 qui
367 1967 429 2014 non
450 1946 644 2029 argumentis
665 1945 735 2027 cogi
756 1951 875 2030 potest,
899 1946 956 2012 sed
970 1965 1030 2011 usu
1044 1953 1138 2028 atque
1153 1964 1250 2010 exer-

158 2058 307 2124 citatione
329 2054 455 2120 erudiri
471 2054 582 2131 debet,
610 2058 776 2136 propterea
801 2054 1013 2119 necessarimn
1039 2059 1102 2130 est,
1131 2058 1165 2116 ut
1191 2052 1250 2117 diu

159 2166 352 2246 multumque
367 2183 429 2226 uno
444 2161 478 2225 in
493 2159 660 2244 scriptore,
684 2179 786 2225 unove
800 2159 833 2224 in
848 2180 963 2242 genere
978 2160 1127 2226 carminis
1142 2179 1249 2225 more-

160 2293 245 2350 mur,
272 2289 374 2353 neque
394 2266 543 2334 confundi
565 2286 622 2332 nos
643 2273 675 2332 ct
696 2268 871 2350 perturbari
897 2267 1111 2333 admiscendis
1133 2266 1251 2331 alienis

159 2380 327 2467 patiamur.
359 2374 519 2459 Quidquid
534 2373 617 2440 enim
633 2374 850 2440 adsuescendo
865 2374 1093 2442 addiscendum
1108 2380 1167 2452 est,
1185 2373 1250 2438 ali-

129 2546 132 2552 .
160 2486 311 2572 quamdiu
331 2484 399 2549 sine
419 2481 654 2566 intercapedine
674 2483 802 2547 tractari
823 2483 933 2561 debet,
961 2505 1039 2567 quo,
1069 2484 1095 2548 si
1122 2482 1252 2564 singula

161 2595 287 2682 penitus
313 2611 383 2658 sese
408 2590 499 2655 nobis
525 2588 731 2668 insinuarint,
764 2589 879 2656 deinde
908 2589 1107 2657 diversitates
1137 2594 1252 2672 sponte

161 2701 461 2770 animadvertamus.

248 2811 394 2876 Ceterum
409 2825 505 2888 saepe
525 2805 557 2868 in
578 2804 637 2869 hoc
652 2823 767 2887 genere
788 2806 887 2869 multa
902 2824 980 2890 opus
995 2811 1089 2871 estet
1104 2803 1252 2885 diligenti

162 2918 364 3002 cogitatione,
387 2913 453 2990 ubi,
475 2932 531 2977 cur
545 2911 621 2995 quid
636 2918 667 2977 et
682 2912 808 2994 quando
823 2911 891 2977 fieri
905 2919 960 2978 aut
974 2934 1038 3007 non
1053 2911 1120 2978 fieri
1136 2912 1249 2989 soleat,

162 3026 244 3093 ratio
269 3020 431 3090 reddenda
456 3024 515 3085 est.
551 3020 706 3104 Exemplo
731 3025 802 3084 utar
826 3021 1001 3098 luculento,
1029 3019 1153 3101 dequo
1175 3017 1251 3082 olim

164 3133 297 3198 multum
317 3136 349 3196 et
369 3127 529 3204 acerbius,
558 3147 652 3209 quam
675 3126 823 3207 decebat,
852 3127 1046 3211 disputatum
1072 3132 1130 3190 est.
1167 3126 1253 3199 Nam

164 3260 260 3325 quum
289 3242 373 3303 essct
402 3235 594 3319 quaesitum,
626 3255 668 3299 an
696 3239 780 3299 recte
810 3235 843 3299 in
872 3233 1004 3300 trimetri
1033 3232 1144 3297 comici
1171 3231 1254 3314 pede

165 3352 292 3432 quarto,
316 3344 343 3409 si
363 3343 391 3408 is
411 3346 604 3425 anapaestus
624 3347 725 3419 esset,
748 3341 794 3406 ita
813 3348 920 3425 posset
933 3338 1049 3416 incidi,
1074 3345 1108 3403 ut
1122 3339 1253 3404 verbum

166 3457 198 3520 in
218 3453 322 3539 priore
342 3449 484 3516 brevium
504 3448 698 3532 syllabarum
717 3448 873 3525 liniretur,
902 3445 958 3511 alii
977 3445 1012 3510 id
1031 3445 1168 3523 licitum,
1197 3446 1255 3510 alii

166 3583 230 3628 non
250 3559 386 3636 licitum,
410 3556 466 3622 alii
486 3555 579 3621 certis
599 3554 830 3622 conditionibus
850 3554 969 3619 licitum
984 3551 1172 3618 iudicarunt.
1204 3554 1255 3617 Ex

167 3669 280 3754 quibus
301 3666 355 3749 qui
381 3664 502 3730 dehac
527 3682 561 3728 re
587 3661 778 3747 disputavit,
806 3662 878 3728 Car.
897 3660 1055 3744 Reisigius
1081 3661 1114 3724 in
1135 3659 1255 3726 Diariis

167 3774 353 3842 Icnensibus
373 3794 415 3837 m.
434 3770 600 3836 Decembri
621 3791 652 3835 a.
673 3773 767 3835 1817.
792 3769 847 3834 fol.
866 3771 939 3833 223.
960 3775 992 3833 et
1012 3770 1086 3831 224.
1112 3767 1255 3851 proxime

168 3903 276 3950 verum
295 3879 439 3945 accessit.
470 3878 543 3942 Non
565 3877 650 3942 enim
671 3876 845 3942 confectam
866 3876 907 3941 ab
927 3895 965 3941 eo
985 3893 1055 3940 esse
1076 3893 1142 3938 rem
1163 3873 1255 3939 dixe-

167 3991 245 4068 rim,
267 3989 320 4071 qui
341 4008 404 4053 non
419 3992 526 4071 putem
541 4004 649 4050 verum
664 4003 752 4063 esse,
776 3982 860 4066 quod
880 3983 934 4048 ille
954 3980 1131 4058 contendit,
1154 3981 1187 4045 in
1203 4000 1255 4046 se-

168 4096 272 4169 cundo
301 4101 473 4185 quartoque
499 4092 580 4184 pede
606 4112 676 4162 eam
706 4090 890 4161 incisionem
916 4094 1083 4181 propterea
1107 4095 1190 4160 recte
1220 4109 1255 4158 se
