2804 4912
159 274 219 334 156
542 290 597 331 nro.
618 291 650 332 u.
677 290 739 331 car.
758 290 852 332 xxxin.

155 445 212 506 Vbi
233 437 316 507 θεὸν
338 464 399 506 una
420 443 540 524 syllaba
562 452 618 505 cst.
654 445 716 503 Hoc
738 445 828 505 metri
850 462 963 524 genere
983 444 1152 523 praeclare
1174 462 1251 507 usus

101 570 104 576 ·
155 548 384 630 Klopstoekius:

240 706 328 749 wenc
343 686 397 748 σεε·
411 685 571 747 sckimmer
585 704 644 747 ooo
658 685 724 747 dem
741 685 846 748 monde
861 703 926 748 ouo
941 685 1048 748 heroo

253 944 286 1024 §-
307 941 385 1008 442.
412 945 584 1006 Solutiones
607 945 892 1025 commotionesque
915 946 1098 1008 recentioris
1123 953 1253 1026 tragoe-

154 1048 222 1111 diae
238 1051 378 1129 propriae
393 1048 548 1110 videntur.
582 1049 689 1129 Eurip.
710 1049 820 1110 Bacch.
841 1049 892 1110 78.

239 1179 281 1248 τά
303 1206 339 1247 σε
360 1179 487 1268 ματρὸς
507 1178 654 1269 μεγάλας
676 1172 733 1266 iio-

239 1311 295 1374 ytot
318 1283 469 1374 Κυβέλης
489 1281 686 1369 θεμιτεύων,

240 1383 303 1456 divo
325 1386 451 1475 θύρσον
473 1412 509 1455 σε
530 1385 702 1471 τινάσσων,

239 1488 325 1559 κάτα
347 1499 453 1580 κισσῷ
475 1490 716 1584 στεφανωθείς.
773 1518 776 1523 ·

153 1635 237 1698 Idem
253 1637 285 1696 in
302 1636 447 1713 carmine,
462 1634 547 1713 quod
562 1636 594 1695 in
607 1634 716 1696 cadem
732 1635 838 1697 fabula
853 1642 931 1696 esta
948 1655 979 1694 v.
996 1633 1070 1696 370.
1091 1653 1160 1697 non
1173 1635 1251 1698 ubi-

154 1759 215 1819 que
234 1737 331 1821 pedes
352 1739 485 1819 pedibus
506 1740 708 1819 exaequavit,
734 1738 790 1799 sod
812 1740 911 1818 ipsam
932 1737 1094 1799 anaclasin
1110 1740 1146 1800 in
1162 1741 1250 1803 anti-

154 1845 279 1924 stropha
295 1843 439 1924 opposuit
452 1843 557 1906 versui
572 1861 634 1903 non
650 1831 882 1924 ἆνακλωμένῳ.

238 2102 262 2182 ᾖ
277 2099 355 2166 443.
382 2099 498 2162 Eadem
514 2120 641 2183 prorsus
654 2102 840 2164 comicorum
855 2101 987 2163 licentia.
1015 2098 1113 2181 Apud
1121 2100 1248 2166 Aristo-

153 2206 287 2286 phanem
309 2206 431 2268 duobus
453 2207 646 2286 potissimum
670 2207 701 2266 in
725 2205 798 2267 locis
821 2204 946 2266 lonicia
967 2205 1104 2287 minore,
1132 2209 1248 2287 partim

153 2307 365 2390 Anacreonte,
381 2312 493 2390 partim
504 2309 715 2390 longioresvel
727 2309 894 2388 breviores,
909 2306 1055 2372 admixtis
1068 2311 1248 2375 etiam'aliis

155 2414 270 2492 metris,
291 2415 501 2493 inveniuntur,
520 2415 552 2474 in
568 2413 661 2475 Ranis
677 2432 741 2475 av.
761 2416 834 2475 323.
854 2419 885 2474 et
899 2412 932 2472 in
947 2411 1055 2492 Vespis
1071 2433 1102 2477 a.
1123 2435 1158 2478 v.
1172 2419 1243 2479 273.

155 2516 271 2596 dequo
287 2519 422 2579 carmine
438 2516 502 2579 dixi
517 2517 549 2579 in
565 2516 776 2580 dissertatione
792 2516 831 2580 de
847 2518 938 2578 choro
953 2516 1141 2599 Vesparum.

544 2814 851 2824 ———---—.

538 3062 650 3132 cAP.
664 3061 857 3131 xxm.

422 3249 481 3319 De
507 3271 636 3321 versu
663 3248 966 3320 Galliambico.

237 3454 261 3534 ᾖ
276 3451 354 3517 444.
381 3455 494 3515 Versus
503 3453 721 3516 Galliambicus
737 3472 776 3515 ex
788 3452 912 3515 duobus
918 3450 1143 3519 Anacreonteis
1156 3476 1251 3520 com-

152 3559 271 3637 positus
287 3567 350 3638 est,
370 3575 503 3637 quorum
517 3559 667 3636 posterior
681 3556 877 3620 catalecticus
892 3567 957 3638 est,
977 3558 1035 3619 hac
1050 3557 1165 3623 iorma.

239 3673 508 3763 ffcsspsspwss-
532 3672 774 3762 ocsspsspwo

382 3798 421 3839 ..L
782 3798 806 3835 ‚L

239 3799 806 3918 oe2p0w4o2-ooqccapoo

241 3964 381 4050 Γαλλαί,
407 3967 532 4056 μητρὸς
555 3962 664 4058 ὄρείης
687 3963 895 4057 φιλόθσρσοι
918 3964 1095 4054 δρομάδες,

239 4060 294 4150 αἷς
317 4067 410 4138 ἔντεα
433 4075 636 4159 παταγεῖται
657 4072 718 4137 καὶ
738 4064 863 4153 χάλκεα
885 4066 1040 4156 κρόταλα.
