2804 4912
561 260 747 346 Pilumno..
1160 304 1186 346 11(

95 453 235 533 habere,
267 453 351 537 quod
381 454 414 518 hi
443 453 541 537 pedes
568 454 723 539 syllabam
750 454 919 537 ancipitem
946 454 1186 538 adspernentur‚

98 560 236 644 ideoque
255 561 358 645 prima
383 560 493 626 harum
520 561 660 626 brevium
682 562 859 626 necessario
886 561 993 626 statim
1019 554 1076 645 pro
1102 563 1190 628 brevi

98 675 311 751 agnoscatur,
336 688 436 752 neque
456 668 637 751 ambiguum
659 676 802 748 maneat,
825 676 928 733 utrum
948 689 1004 752 pro
1020 670 1124 747 brevi,
1148 692 1190 735 an

99 797 162 861 pro
181 777 277 860 longa
297 776 443 842 habenda
458 775 515 853 sit,
539 775 622 858 quod
638 776 721 854 fore,
744 775 771 840 si
792 776 825 840 in
841 777 932 842 tertio
947 777 1095 860 quintove
1110 777 1192 861 pede

101 883 259 951 eiusmodi
278 884 390 949 incisio
411 884 477 950 liat.
507 884 591 947 Nam
611 882 865 966 ambiguitatem,
891 905 985 967 quam
1005 884 1039 949 in
1053 885 1145 950 tertio
1160 891 1192 951 et

101 991 215 1075 quinto
234 990 316 1076 pede
335 991 520 1056 exstituram
541 989 633 1068 dicit,
658 990 745 1056 nulla
765 996 828 1056 est:
854 998 901 1069 11,
926 992 953 1056 11
973 1013 1035 1075 qua
1055 1000 1119 1070 est,
1144 998 1192 1058 est

101 1099 203 1165 etiam
221 1099 255 1164 in
275 1098 413 1165 secundo
429 1104 600 1181 quartoque
620 1097 712 1181 pede.
743 1096 899 1177 Quoniam
921 1099 1005 1164 enim
1022 1120 1192 1184 quaecum-

102 1226 168 1290 que
188 1206 221 1270 in
240 1205 345 1286 medio
365 1205 504 1271 trimetro
524 1205 701 1271 inveniatur
722 1205 845 1289 syllaba
859 1226 993 1291 anceps,
1017 1227 1057 1272 ex
1071 1206 1192 1273 numeri

102 1316 178 1397 lege
199 1334 255 1398 pro
275 1313 362 1379 brevi
383 1320 447 1392 est,
473 1320 522 1392 nt,
549 1312 576 1378 si
595 1319 709 1377 natura
729 1312 825 1396 longa
844 1312 901 1393 sit,
926 1315 1030 1380 brevis
1052 1316 1194 1400 syllabae

103 1423 212 1487 locum
226 1425 333 1487 teneat
338 1448 347 1500 ;
371 1420 398 1484 si
413 1420 518 1486 brevis
533 1420 575 1486 sit
589 1426 718 1499 natura,
741 1419 808 1486 iure
828 1441 884 1486 suo
902 1422 1007 1489 brevis
1022 1422 1191 1488 habeatur:

105 1529 198 1594 nulla
212 1527 338 1593 omnino
353 1534 456 1612 potest
471 1528 662 1612 ambiguitas
677 1529 777 1606 nasci,
796 1529 821 1593 11
839 1549 877 1594 ea
892 1530 1016 1615 syllaba
1031 1537 1079 1596 est
1093 1530 1196 1614 prima

55 1713 58 1718 ¹
104 1635 286 1721 anapaesti.
323 1636 458 1700 Namt
427 1635 522 1700 etiam
543 1636 571 1700 si
591 1635 713 1700 iambus
734 1656 790 1720 pes
811 1637 864 1701 illc
885 1637 981 1716 foret,
1005 1659 1069 1703 non
1089 1643 1196 1721 posset

105 1765 174 1810 non
177 1764 246 1853 pro
261 1742 348 1809 brevi
363 1741 484 1820 haberi,
502 1749 651 1826 tantoque
666 1744 780 1826 magis,
798 1744 872 1826 quia
886 1750 999 1809 natura
1013 1744 1117 1810 brevis
1134 1749 1193 1822 cst,

106 1871 192 1936 qnae
207 1851 303 1917 etiam
318 1870 346 1915 11
337 1850 456 1933 longa
470 1856 584 1915 natura
599 1850 690 1929 foret,
712 1872 775 1916 non
791 1853 916 1933 longae,
934 1851 991 1916 sed
1005 1850 1109 1916 brevis
1125 1850 1196 1915 offi-

106 1960 161 2026 cio
180 1959 326 2024 iunctura
346 1964 439 2024 esset
477 1956 568 2034 Quod
594 1959 622 2024 si
648 1958 724 2043 quid
750 1979 819 2024 eam
846 1958 1061 2042 ambiguitatis
1081 1958 1198 2025 habere

107 2067 308 2154 putabimus,
333 2066 426 2148 longe
446 2065 606 2131 idaliain
622 2066 805 2150 repositum
822 2067 896 2144 1111,
921 2087 1021 2150 eaque
1035 2067 1130 2132 etiam
1147 2086 1198 2131 11-

107 2175 208 2242 cundi
228 2174 393 2258 quartique
412 2173 504 2257 pedis
525 2173 692 2239 communi.
732 2173 816 2239 Nam
839 2193 917 2239 sane
935 2174 1088 2239 incisione
1108 2174 1141 2238 in
1160 2193 1199 2239 ea

30 2363 33 2367 ,
108 2283 238 2368 syllaba
258 2282 358 2361 iacta,
383 2281 462 2346 illud
483 2281 665 2363 ambiguum
688 2286 753 2360 est,
777 2288 879 2346 utrum
902 2301 940 2345 ea
963 2282 1086 2366 syllaba
1101 2288 1198 2347 totam

107 2390 233 2468 thesin,
256 2410 299 2454 an
319 2393 441 2473 partem
461 2388 675 2480 tantummodo
697 2389 822 2454 theseos
843 2389 1010 2454 contineat.
1044 2390 1085 2455 ut
1104 2409 1199 2472 quum

108 2498 240 2585 proprie
260 2497 358 2563 thesis
378 2497 411 2561 in
432 2516 627 2580 quocumque
647 2497 779 2562 trimetri
801 2498 869 2562 loco
890 2518 954 2562 una
974 2498 1097 2582 syllaba
1124 2517 1200 2562 con·

109 2613 200 2672 stare
215 2605 339 2682 debeat,
358 2625 416 2688 par
431 2611 479 2670 est
494 2604 633 2670 omnium
648 2604 763 2688 pedum
779 2604 928 2681 conditio,
947 2611 992 2685 ut,
1010 2605 1063 2669 ubi
1079 2605 1199 2670 finitum

108 2716 148 2780 in
165 2733 203 2778 ea
218 2713 341 2797 syllaba
356 2712 542 2778 vocabulum
558 2711 767 2796 reperiamus,
790 2733 852 2777 non
869 2711 947 2776 nihil
963 2712 1145 2778 offensionis
1161 2731 1201 2776 ex

110 2820 295 2888 accessione
320 2820 403 2885 alius
428 2841 491 2885 non
518 2819 717 2886 necessariae
743 2821 884 2905 syllabae
910 2819 1016 2884 enasci
1043 2818 1197 2884 videatur.

109 2926 200 2994 Illud
220 2947 293 2994 vero
308 2934 392 2993 recte
407 2927 487 2993 vidit
501 2928 678 3011 Remigius,
701 2928 851 2994 maiorem
872 2925 1153 3010 interpunctionem
1167 2927 1200 2991 in

109 3037 173 3102 illa
193 3035 315 3119 syllaba
336 3035 452 3101 factam
467 3034 637 3118 aliquando
653 3032 788 3101 tuendae
810 3032 856 3097 illi
872 3052 1021 3099 caesurae
1036 3034 1198 3100 inservire.

110 3147 164 3211 Ac
179 3149 321 3208 senserat
340 3142 411 3220 ille,
435 3161 516 3225 quae
537 3161 651 3207 caussa
670 3147 755 3207 esset
774 3139 866 3205 huius
887 3141 949 3219 rei;
978 3141 1035 3205 sed
1055 3142 1203 3225 quoniam

110 3254 151 3318 in
165 3271 205 3316 ea
218 3248 408 3335 explicanda
422 3271 443 3315 a
457 3270 543 3328 vero,
561 3256 596 3314 ut
610 3269 669 3332 ego
685 3247 811 3332 quidem
826 3249 970 3327 arbitror,
988 3251 1200 3327 aberraverat,

111 3360 184 3426 fieri
201 3380 263 3424 non
278 3364 411 3442 poterat,
429 3357 504 3441 quin
520 3356 646 3423 diversa
660 3356 890 3440 permiscendo,
913 3356 946 3422 id
961 3358 1045 3441 quod
1060 3358 1204 3423 omnibus

112 3465 294 3543 acciderat,
317 3464 370 3548 qui
391 3463 472 3528 hane
494 3483 559 3528 rem
575 3463 822 3548 disputavimus,
847 3465 942 3529 etiam
958 3485 1039 3548 quac
1054 3486 1116 3530 non
1133 3470 1204 3529 sunt

112 3571 293 3660 probanda,
311 3570 438 3636 defendi
455 3589 548 3654 posse
564 3571 768 3635 existimaret.
800 3572 863 3636 Res
879 3571 957 3636 haec
973 3576 1030 3636 est.
1063 3572 1203 3638 Offensio

114 3680 221 3750 omnis
237 3679 270 3744 in
285 3699 323 3744 eo
338 3678 442 3763 posita
457 3683 521 3755 est,
546 3677 646 3760 quod,
669 3698 764 3761 quum
781 3678 912 3762 dipodia
926 3699 982 3762 per
997 3685 1204 3762 anapaestum

113 3788 246 3856 citatius
266 3786 430 3852 decurrere
452 3785 582 3862 debeat,
611 3785 683 3850 finis
708 3786 795 3851 verbi
821 3785 853 3850 in
880 3787 1013 3871 primam
1039 3788 1203 3871 anapaesti

113 3897 276 3982 syllabam
295 3893 439 3959 incidens
466 3891 646 3957 celeriorem
667 3892 755 3957 illum
777 3893 897 3959 numeri
919 3893 1084 3961 decursum
1105 3914 1205 3981 pama

114 4009 205 4079 faeta
220 4000 418 4085 interrumpit
433 4007 464 4066 11
478 3998 634 4067 retardat:

207 4107 281 4160 va
298 4105 303 4201 l
319 4123 367 4161 υ,
