2804 4912
161 245 222 307 108
560 263 617 306 mn.
637 265 670 308 ιι.
696 265 759 306 cnr.
778 264 842 306 xxv.

158 417 276 479 Eadem
292 436 412 496 caussa,
427 416 512 499 quod
526 418 648 480 numeri
662 418 727 478 vim
743 418 775 478 in
789 408 928 478 extremo
943 435 1039 478 versu
1053 416 1140 479 minu
1150 398 1202 478 ccu-
1266 425 1276 502 ς

158 521 253 599 venit,
272 521 376 584 miuus
390 521 545 602 elegantes
561 528 635 583 sunt
649 520 799 600 longiores
816 540 851 582 eo
867 522 898 582 in
915 520 980 582 loco
995 538 1096 600 voces,
1107 528 1141 584 ut
1149 517 1205 602 apul
1256 556 1263 581 i

158 625 278 687 Lucret.
298 625 347 685 lll.
367 623 418 685 ll.
1250 700 1252 705 Ι

247 727 458 808 conduplicant
472 726 569 804 acidi,
587 725 709 789 caedem
724 726 814 789 caedi
827 726 1061 789 accumulantes.
1270 755 1276 792 ι

243 931 360 1015 5323.
393 936 437 996 De
459 952 605 996 mensura
620 932 813 1016 disputatum
827 935 859 995 in
882 933 957 996 diss.
977 933 1017 996 de
1031 944 1129 999 aetate
1142 933 1212 1014 orph.
1233 1012 1237 1021 Ι
1268 975 1273 1005 1.

157 1036 228 1118 Arg.
258 1046 290 1098 et
315 1058 332 1098 a
359 1039 520 1117 Spitznero
546 1038 578 1098 iu
602 1037 681 1099 lihro
706 1036 745 1099 dc
771 1037 958 1099 Graecorum
988 1057 1085 1101 versu
1111 1038 1215 1101 heroion

158 1141 353 1202 Grammatici
376 1141 541 1203 abnormes
561 1160 672 1204 versus
693 1149 933 1203 commemorant
953 1129 1161 1228 ἀκεφάλους,
1177 1136 1222 1204 lc·
1242 1220 1246 1227 Ι

158 1234 297 1326 poponis,
322 1235 514 1326 μειούρους,
537 1236 774 1326 δολιχοοάρους
795 1244 860 1306 sive
874 1240 1132 1328 μακροοκελεῖς,
1159 1248 1239 1329 προ.

157 1338 340 1430 κεφάλους,
363 1338 591 1431 αρσκοιλίους.
620 1346 697 1408 Vide
712 1346 904 1409 Athenaeum
921 1348 998 1409 XIV.
1017 1366 1049 1428 p.
1071 1351 1144 1410 620.
1162 1348 1193 1411 (l.
1207 1328 1245 1411 d¹

158 1448 342 1512 scholiastes
354 1451 595 1532 Hephaestionis.
623 1450 703 1511 Nihil
719 1450 796 1512 haec
810 1450 869 1514 nisi
884 1459 1057 1513 commenta
1068 1460 1156 1533 sunt,
1168 1470 1235 1532 pro-

158 1551 263 1615 sodiae
278 1553 466 1634 ignoratione
481 1555 658 1635 excogitata.

243 1757 360 1840 5324.
387 1760 505 1824 Eodem
520 1760 711 1842 referendus
727 1763 782 1842 qui
796 1770 983 1843 anapaestus
999 1763 1051 1824 vel
1065 1764 1243 1843 procelosu-

157 1865 288 1929 maticus
302 1884 358 1945 pro
373 1864 510 1947 spondeo
525 1865 576 1925 vel
592 1862 714 1945 dactylo
728 1863 827 1928 videri
848 1874 964 1947 potest,
991 1866 1244 1933 contractionum

157 1967 331 2048 spondeum
347 1968 397 2030 vel
412 1967 570 2048 dactylum
585 1968 771 2031 mutandus:

242 2065 368 2156 Βορέης
389 2066 448 2133 καὶ
468 2064 634 2157 Ζέφυρος,
657 2063 705 2133 τά
726 2092 762 2135 τε
787 2064 962 2158 Θρῄκηθεν
983 2060 1099 2158 άητον.

243 2168 301 2237 νέα
323 2169 383 2254 μέν
403 2193 464 2255 μοι
486 2168 625 2251 κατέαξε
645 2167 847 2237 Ποσειδάων
869 2167 1065 2255 ἐνοσίχθων.

243 2271 381 2351 πλέονές
403 2297 458 2339 κεν
480 2279 659 2363 μνηστῆρες
682 2272 715 2340 έν
736 2268 928 2358 ὑμετέροισι
950 2272 1122 2360 δόμοισιν.

242 2373 279 2442 du
301 2374 339 2443 δέ
361 2373 499 2453 στέατος
522 2371 626 2442 ἔνεικε
646 2374 750 2463 μέγαν
771 2374 889 2463 τροχόν
912 2373 1006 2445 ένδον
1032 2376 1165 2460 ἐόντος.
1272 2378 1276 2453 l

155 2482 241 2545 Iliad.
261 2503 286 2560 ι,
303 2486 332 2546 5.
352 2490 391 2567 ψ.
411 2485 481 2546 ⁴95.
512 2483 570 2544 0d.
591 2503 614 2545 ι.
630 2487 703 2546 283.
724 2501 753 2545 σ.
771 2485 844 2547 tlh.
864 2505 901 2570 φ.
919 2485 990 2547 178.
1013 2486 1085 2549 483.
1133 2490 1245 2553 Ennio
1271 2502 1276 2565 ζ

155 2597 258 2648 tamen
279 2597 310 2648 et
324 2587 631 2669 proceleusmaticum
651 2595 682 2648 ct
697 2598 900 2668 anapaestum
922 2590 954 2650 in
973 2590 1073 2669 primo
1088 2592 1178 2672 pede
1190 2593 1246 2657 ad-

155 2692 240 2752 misit
255 2692 285 2751 in
301 2692 348 2752 his
364 2691 508 2754 versibus
524 2711 555 2772 p.
578 2693 649 2753 t35.
672 2693 743 2753 ltu.
763 2690 813 2753 ed.
833 2691 950 2753 llesscl.

241 2793 390 2877 capitibus
404 2797 541 2858 nutantis
554 2797 645 2876 pinus
659 2801 814 2875 rectosque
829 2813 997 2875 cupressos.

243 2898 446 2975 melanurum,
466 2899 599 2978 turdum,
618 2900 837 2979 merulamque,
856 2898 1053 2979 umbramque
1068 2906 1237 2967 morinum.
1270 2884 1276 2963 l

239 3102 360 3185 5325.
398 3106 588 3168 Trochacum
611 3124 666 3186 pro
690 3104 827 3185 spondeo
854 3107 1004 3169 llomcrus
1027 3107 1168 3173 indulsit
1192 3110 1248 3175 sihi

154 3210 262 3288 paucis
288 3209 479 3289 quibusdam
505 3211 537 3270 in
562 3208 654 3287 locis,
685 3216 716 3268 et
741 3207 867 3287 quidem
891 3209 922 3269 in
945 3210 1045 3290 primo
1072 3222 1249 3297 quartoque

155 3310 243 3394 pede.
270 3313 330 3375 Od.
350 3334 378 3374 κ.
397 3314 468 3375 493.
487 3332 522 3392 μ.
539 3313 612 3374 267.
632 3312 739 3391 hymn.
758 3309 857 3394 Apoll.
878 3312 950 3374 373.

238 3407 379 3495 μάντιος
401 3406 518 3477 dictori.

239 3511 377 3581 Πύθιον
398 3514 574 3581 καλέουσιν
596 3510 780 3599 ἐπώνυμον.

154 3620 239 3683 naa
258 3624 290 3702 μ.
309 3623 381 3683 τοι.
402 3640 432 3684 0.
450 3623 521 3683 εει.

238 3725 304 3786 τῶν
327 3711 407 3787 αὖθ’
429 3716 591 3810 ἡγείσθην
613 3722 817 3808 Ᾰσκληντιοῦ
838 3716 896 3786 δύο
920 3721 1033 3788 παῖδε.

240 3821 435 3911 ἐντρέπεται
457 3820 559 3914 φίλον
579 3813 672 3913 ἦτορ,
695 3817 840 3913 ἀνεψιοῦ
862 3821 1051 3908 κταμένοιο.

153 3932 229 4012 Etsi,
245 3950 343 4010 quum
359 3932 482 4012 luerint,
498 3934 552 4012 qui
565 3924 766 4016 Ᾱσκληνιίου
782 3933 1026 4012 pronuntiarent,
1042 3933 1104 3995 hoc
1119 3938 1250 4017 quidem

153 4036 194 4097 ab
215 4043 346 4097 accentu
369 4037 490 4097 veniam
514 4037 628 4098 hahere
655 4037 763 4115 potuit.
805 4035 882 4097 Vide
904 4036 1002 4096 Elem.
1021 4034 1053 4096 d.
1074 4057 1119 4100 m.
1140 4061 1175 4123 p.
1195 4045 1245 4104 56,

153 4136 231 4218 Alia,
251 4157 331 4220 quae
346 4139 407 4203 huc
423 4140 501 4201 trahi
516 4149 657 4221 possunt,
678 4159 707 4201 v.
727 4156 822 4219 supra
838 4136 875 4224 ἧς
892 4140 942 4200 71.
960 4142 1011 4201 83.
1031 4148 1065 4203 ct
1080 4136 1117 4206 tt
1127 4143 1160 4208 7.
