2804 4912
152 290 192 352 86
553 304 611 349 ιιι.
631 304 665 348 ιι.
693 304 755 347 ιιι.
775 304 834 347 xxi.

236 460 261 542 5
275 458 353 526 253.
379 462 538 522 Invenitur
551 459 644 523 etiarn
657 458 896 539 amphibrachus
908 455 1010 519 media
1023 454 1133 521 'soluta
1145 456 1239 519 doch-
1269 460 1272 519 l

152 568 213 627 mio
227 565 434 647 praemissus:
901 590 904 596 ·

237 698 263 730 υ
275 680 301 729 'L
315 678 374 730 υῡ
391 680 414 729 L
453 681 476 728 L
500 680 550 727 υ.’

289 819 337 850 υ»
378 817 491 849 ww
532 847 537 857 ,

153 925 262 988 Aesch.
281 926 362 985 Pers.
382 926 456 984 269.
477 925 548 984 art.

237 1037 279 1105 τὰ
302 1036 410 1106 πολέα
431 1037 531 1124 βέλεα
554 1043 718 1127 παμμιγῆ.

238 1138 379 1209 ἁλίδονα
401 1140 540 1225 σώματα
563 1143 755 1232 πολυβαφῆ.

153 1268 229 1332 Vide
245 1266 284 1329 de
299 1267 347 1328 his
362 1260 507 1329 versibus
522 1265 540 1349 §
556 1266 628 1330 27⁴.

240 1474 263 1554 5
278 1471 355 1538 254.
390 1477 546 1555 Frequens
568 1481 617 1537 est
632 1474 826 1537 ditrochaeus
841 1494 912 1538 cum
927 1477 1069 1538 anacrusi
1086 1477 1240 1556 praemis-

155 1599 209 1640 sus
225 1577 379 1641 dochmio:
1150 1598 1153 1603 ·

239 1684 360 1737 orm
390 1684 439 1735 02
469 1687 492 1734 .'
523 1686 572 1735 υ.’

153 1801 238 1884 quod
268 1686 377 1883 grauuny
395 1685 589 1865 hlcbrabium
619 1809 709 1865 vocat
736 1800 850 1865 Plotius
879 1820 948 1884 pag.
978 1802 1073 1864 2643.
1129 1800 1235 1864 Aesch.

152 1909 249 1968 Proin.
271 1909 343 1968 582.
1269 1928 1272 1991 ρ

240 2018 447 2110 οἰστρηλάτῳ
471 2018 509 2088 δὲ
531 2016 667 2106 δείματι
689 2019 851 2089 δειλαίαν.

153 2149 337 2225 Plerumque
353 2144 546 2208 ditrochaeus
561 2148 629 2226 iste,
645 2147 711 2208 sive
725 2146 811 2208 colon
827 2147 994 2208 iambicum
1010 2147 1116 2210 dicere
1132 2150 1235 2228 mavis,

157 2252 245 2331 longa
260 2249 380 2330 syllaba
395 2250 518 2312 linitur:
541 2258 576 2311 ut
590 2251 622 2310 in
638 2247 744 2330 rigam.
765 2252 838 2311 246.

240 2361 300 2457 βίᾳ
321 2366 464 2450 χαλινῶν
485 2359 512 2431 τ’
536 2358 670 2452 ἀναύδῳ
693 2363 794 2450 μένει.
1266 2340 1272 2463 i}

155 2496 289 2558 Gaesura
306 2511 399 2572 quam
415 2511 451 2553 ea
466 2491 498 2551 in
513 2490 632 2571 syllaba
649 2492 714 2555 lieri
730 2510 786 2573 par
800 2500 857 2573 est,
875 2493 959 2556 haud
976 2512 1044 2556 raro
1058 2493 1234 2573 negligitur:
1270 2488 1272 2497 '

154 2595 263 2658 hesoh.
283 2593 338 2676 hg.
360 2592 431 2656 370.

240 2709 345 2791 δεοδς
365 2714 495 2798 βροτῶν
517 2705 702 2792 ἀξιοῦσθαι
723 2708 846 2795 μέλειν.

206 2942 214 2959 ·
238 2921 350 3006 5255.
377 2924 473 3002 Sequi
484 2922 661 2986 dochmium
670 2922 862 2986 ditrochaeus
876 2924 1091 3006 videturapud
1099 2922 1241 3007 Aeschy-

152 3030 218 3092 lum
233 3027 339 3110 Agam.
358 3028 450 3089 tt3e.

240 3133 409 3218 ξυνανύτει
429 3127 507 3221 βίον
532 3130 649 3213 δύντος
671 3130 798 3222 αὐγαῖς.

239 3344 355 3429 5256.
392 3345 503 3409 Multae
524 3354 681 3425 praeterea
703 3348 780 3408 aliae
803 3348 1005 3409 inveniuntur
1028 3347 1245 3413 dochmiorum

152 3474 222 3517 oum
246 3451 422 3532 antispastis
446 3450 575 3529 aliisque
598 3450 736 3512 numeris
758 3452 1011 3532 consociationes,
1045 3462 1081 3514 ut
1102 3452 1247 3517 dochmio

154 3556 255 3620 medio
269 3558 350 3617 inter
361 3556 567 3634 antispastum
578 3562 609 3616 et
624 3552 805 3633 diiambum,
821 3553 906 3633 apud
917 3552 1026 3618 Aesoh.
1037 3556 1179 3641 Choeph.
1191 3560 1242 3622 24.

240 3658 283 3731 δι’
307 3658 431 3740 αἰῶνος
452 3657 482 3730 δ
510 3657 659 3749 ἰυγμοῖσι
677 3658 835 3748 βόσκεται
858 3659 945 3752 κέαρ.

238 3875 262 3956 5
277 3872 354 3939 257.
389 3875 543 3936 Bacchiaci
562 3876 697 3956 numeri,
723 3875 777 3955 qui
792 3872 948 3937 interdum
964 3876 1128 3937 consociati
1144 3877 1248 3940 doch-

153 3983 222 4043 miis
249 3981 462 4061 reperiuntur,
497 3999 595 4060 quum
621 3977 755 4042 indolem
780 3978 872 4058 plane
898 3979 988 4041 aliam
1014 3987 1047 4040 et
1073 3998 1138 4067 non
1166 4001 1247 4056 oon-

152 4095 313 4166 gruentem
329 4103 399 4145 cum
415 4083 565 4147 dochmiis
580 4083 694 4146 habere
710 4082 892 4161 videantur,
920 4081 1104 4146 dochmiacis
1120 4084 1247 4167 hyper-

154 4189 306 4251 catalectis
321 4188 517 4252 adnumerari
533 4197 677 4270 praestat.
704 4185 748 4249 ho
764 4206 857 4268 saepe
872 4186 934 4250 duo
950 4185 1130 4251 huiusmodi
1143 4187 1247 4253 doch-
