2804 4912
154 275 194 334 56
556 287 611 328 nra.
633 286 665 327 11.
692 285 754 326 cnr.
773 285 830 326 rvr.
1285 42 1292 319 λ

154 443 236 504 Solvi
256 449 357 521 potest
377 448 479 502 autem
500 440 579 501 arsis
600 447 710 519 quarta
730 439 821 500 etiarn
845 437 899 500 ubi
925 456 1060 517 sequeus
1080 455 1136 519 pes
1158 455 1238 498 ana-
1289 500 1292 511 ,

153 553 280 628 paestus
297 552 345 607 est
359 543 468 606 eadem
483 543 614 621 ratione,
641 561 703 621 qua
723 543 756 602 in
776 541 913 603 trimetro
928 538 1066 603 secunda
1081 541 1178 618 arsis,
1200 537 1239 601 da
1288 556 1292 617 t

155 669 216 729 qua
231 667 261 710 v.
280 645 298 729 §
316 649 387 710 160.
414 644 567 725 bristopb.
587 643 668 707 Nub.
690 646 782 706 1063.

240 761 397 841 πολλοῖς·
414 757 433 828 ὁ
449 764 531 850 γοῦν
542 758 675 850 Πηλεὺς
689 756 789 847 ἔλαβε
804 756 862 826 διὰ
877 765 977 826 τοῦτο
992 757 1052 850 τὴν
1061 755 1242 845 μάχαιραν.

115 1021 125 1047 ‹
241 986 358 1071 5169.
390 987 599 1070 bnapaestum
621 989 654 1050 in
676 997 785 1071 quarto
805 997 837 1051 et
855 989 985 1070 septimo
1006 986 1086 1070 pede
1106 1006 1171 1052 non
1186 988 1245 1053 nisi
1288 960 1291 1005 ¹

155 1098 188 1158 in
214 1095 337 1157 nomine
362 1093 485 1173 proprio
512 1109 690 1153 conoessum
720 1089 867 1153 iudicavit
892 1093 1043 1155 Porsenus
1072 1092 1105 1154 in
1135 1092 1241 1173 suppl.

156 1198 252 1281 praef.
272 1195 313 1259 ad
329 1196 399 1258 Hee.
418 1215 450 1277 p.
470 1196 521 1256 39.
541 1210 628 1274 seqq.
654 1192 808 1274 Aristoph.
828 1196 904 1255 Ran.
926 1196 998 1257 913.
1023 1195 1147 1258 Thesm.
1170 1197 1241 1258 bbl.

244 1307 397 1396 Ἀχιλλέα
411 1303 472 1378 τίν’
487 1301 510 1374 i*
524 1306 663 1397 Νιόβην,
680 1307 719 1376 τὸ
734 1306 914 1397 πρόςωπον
929 1304 1004 1394 οὐχὶ
1018 1306 1160 1390 δεικνύς.

244 1413 372 1503 ἐγένετο
383 1408 617 1490 Μελανίππας
627 1417 748 1492 ποιῶν,
766 1410 918 1499 Φαίδρας
929 1437 976 1496 τε,
988 1409 1192 1503 Πηνελόπην
1201 1438 1248 1483 ra.
1284 1404 1291 1477 l

158 1545 202 1605 lle
223 1543 353 1620 septimo
372 1537 453 1619 pede
475 1555 547 1601 vera
568 1535 691 1601 videtur
712 1537 884 1602 observatio
904 1539 977 1602 ista:
1004 1538 1044 1601 de
1059 1546 1173 1619 quarto
1188 1548 1246 1620 est,

158 1664 255 1728 quare
276 1640 483 1708 dubitandum
505 1637 657 1703 videatur.
690 1642 779 1705 Certe
800 1641 948 1705 credibile
968 1650 1030 1722 est,
1054 1662 1091 1704 eu
1106 1642 1177 1704 loeo
1191 1642 1251 1709 ulit

160 1767 284 1830 quoqne
299 1745 467 1823 vocabula,
493 1745 675 1826 praesertim
690 1745 716 1805 si
731 1745 841 1806 similia
857 1755 961 1808 essent
976 1744 1155 1809 nominibus
1172 1764 1250 1827 prn-

160 1853 246 1935 priis‚
265 1857 468 1930 anapaestum
483 1847 582 1910 faeere
596 1848 743 1928 potuisse.
770 1847 851 1911 Nub.
874 1848 966 1910 1127.

247 1964 374 2057 σκέψαι
394 1962 433 2032 ei
446 1960 526 2042 τοὺς
540 1957 761 2050 ἀλεκτρυόνας
780 1962 839 2030 καὶ
852 1956 959 2032 vitta
980 1962 1023 2031 τὰ
1036 1962 1124 2051 βοτὰ
1139 1963 1252 2039 cml.

163 2094 214 2155 Sie
230 2081 502 2174 ἱππαλεκτρυόνα
516 2091 593 2150 Ran.
610 2088 682 2148 032.
709 2090 860 2152 Personus
876 2091 908 2150 in
922 2090 970 2151 bis
984 2091 1127 2155 versibus
1142 2091 1253 2157 enum

162 2195 256 2257 libros
277 2202 446 2257 contractas
466 2192 579 2256 formas
598 2192 672 2271 poni
692 2192 824 2255 volebat.
859 2194 1010 2256 Disseruit
1030 2195 1070 2258 de
1090 2195 1254 2276 anapaesti

164 2318 225 2363 usu
241 2300 269 2360 P.
290 2299 454 2361 Elmsleius
469 2297 501 2359 in
516 2312 647 2358 censura
662 2294 806 2358 Hecubae
821 2295 870 2358 ed.
890 2297 971 2378 Lips.
991 2317 1022 2377 p.
1043 2299 1116 2361 261.
1135 2316 1229 2381 seqq.

251 2519 372 2603 §titt
420 2522 533 2600 Latini,
567 2519 621 2600 qui
650 2519 734 2582 hune
761 2538 887 2583 versum
922 2523 1188 2603 septenarium
1224 2532 1256 2587 et

165 2627 347 2690 comicum
363 2624 591 2707 quadratum
606 2631 717 2684 vocant
736 2621 817 2704 (vide
832 2623 968 2686 Dionied.
988 2644 1019 2706 p.
1040 2627 1110 2688 511.
1142 2627 1249 2691 Rufin.

166 2751 197 2812 p.
218 2728 311 2793 2706.
339 2726 462 2810 2707),
491 2733 702 2806 asynartetum
723 2745 795 2788 eum
815 2745 883 2790 esse
905 2729 1083 2806 voluerunt,
1112 2728 1146 2791 id
1168 2729 1254 2811 qnod

166 2834 258 2896 etiam
278 2833 373 2897 Varro
398 2829 484 2913 apud
504 2831 651 2893 Rufinum
677 2831 805 2893 innuere
833 2830 965 2893 videtur.
1003 2833 1105 2905 Quare
1131 2833 1164 2893 in
1192 2834 1253 2895 arsi

166 2938 267 3018 quarti
287 2936 377 3018 pedis
398 2945 429 2998 et
450 2954 544 2998 unam
565 2934 692 2996 brevem
714 2934 881 3014 syllabam,
907 2954 987 3016 quae
1010 2935 1136 3017 quidem
1151 2936 1253 2999 finalis

168 3050 250 3103 esset
279 3038 437 3120 vocabuli,
471 3047 501 3101 et
530 3039 648 3102 hiatum
678 3037 870 3102 tolerandum
901 3037 1085 3102 iudicarunt.
1125 3038 1250 3103 Plautus

168 3143 253 3208 Asin.
273 3145 320 3206 lll.
341 3146 371 3225 3,
392 3144 442 3206 61.

254 3265 306 3328 sed
320 3265 347 3328 st
363 3263 415 3328 titt
429 3265 536 3348 viqiatl
550 3264 649 3326 minae
658 3298 676 3309 -
688 3265 808 3347 aryetti
818 3264 1021 3347 proferentur,

255 3387 312 3451 qno
328 3369 380 3431 αόε
394 3365 515 3431 vocabis
529 3367 696 3430 abatiae?-
706 3366 824 3430 libertos
842 3413 849 3428 .
868 3385 927 3430 οοο
939 3369 1106 3449 patrinos?

257 3472 398 3554 lupetius
415 3517 421 3530 .
440 3471 548 3553 viyintl
562 3468 747 3534 minae-bic
761 3471 864 3534 insuat
878 3477 909 3533 in
924 3471 1076 3534 crumina.

172 3597 293 3656 Terent.
313 3593 384 3654 Hee.
404 3592 439 3653 V.
459 3593 489 3670 3,
509 3591 560 3653 32.

258 3711 323 3777 etim
339 3712 475 3794 coynovit
490 3711 715 3796 My'rrbian-in
730 3711 819 3795 dtqito
835 3712 918 3775 οοοαο
934 3730 980 3774 me
996 3711 1159 3776 lebentem.

174 3835 236 3901 Sed
250 3833 334 3916 apud
350 3833 526 3895 Terentium
542 3832 710 3913 Bentleius,
736 3851 797 3894 non
818 3834 969 3914 eogitans,
996 3843 1031 3895 ut
1050 3832 1187 3911 videtur,
1213 3832 1289 3894 d<

174 3938 368 4021 asynartetis,
382 3936 445 3999 lere
457 3938 586 4000 mutavit
596 3936 773 4001 huiusmodi
786 3955 904 4017 versus,
923 3938 982 3999 nisi
993 3935 1048 3999 ubi
1063 3936 1289 4000 tribrachum:

174 4047 206 4106 in
222 4048 331 4124 quarto
345 4040 426 4123 pede
441 4061 508 4104 esse
523 4042 663 4122 putabat,
682 4050 718 4104 ut
733 4042 804 4103 lieo.
823 4041 859 4102 ll.
878 4042 908 4120 2,
930 4043 957 4101 t.
1020 4064 1025 4089 =

260 4167 314 4230 etsi
327 4168 387 4230 scio
402 4186 465 4249 eqo,
484 4142 666 4246 parlamenti,
686 4181 782 4227 meum
798 4159 844 4225 itis
859 4179 932 4243 esse,
950 4170 984 4225 ut
999 4169 1026 4225 te
1041 4163 1155 4245 caleam.
