2804 4912
523 340 561 385 αι
575 340 711 385 reuersas
727 342 896 385 «strennum.
1198 327 1249 390 l8l

153 492 344 554 Solutiones
360 494 479 556 suntin
496 494 560 556 his:
579 494 685 575 Eurip.
707 495 816 577 Suppl.
843 496 931 557 l0l8.
960 496 1069 557 Electr.
1097 499 1164 557 rsa.

255 624 436 716 πηδήσασα
459 624 564 715 πυρὸς
587 621 661 694 ἔσω.

255 728 385 817 πατέρα
408 725 571 820 φίλτατον
591 729 698 796 καλεῖ.

154 873 230 932 Nisi
256 873 288 932 in
303 872 440 933 Electrae
456 891 549 933 versu
564 861 704 954 ἀγκαλεῖ
725 875 874 952 seriptum
897 873 971 953 luit,
998 893 1059 954 que
1075 875 1123 936 hie
1146 895 1254 938 versus

157 993 223 1056 par
240 983 322 1037 esset
336 983 367 1036 et
381 974 638 1056 praecedentibus
654 985 685 1038 et
700 977 736 1038 iis
752 979 804 1057 qui
822 985 1004 1056 sequuntur.

254 1202 369 1286 5497.
403 1209 508 1269 Recisa
532 1209 629 1288 prima
653 1208 746 1271 liuius
769 1211 857 1269 metri
880 1209 1017 1289 syllaba,
1044 1220 1148 1269 nmnet
1171 1212 1252 1271 iam-

156 1311 256 1372 bieus
279 1310 549 1391 isehiorrbogicus‚
576 1313 629 1391 qui
648 1313 713 1392 ipse
730 1330 791 1373 nen
807 1331 875 1374 raro
890 1313 1052 1392 Glyconeis
1068 1314 1183 1375 mixtus
1199 1314 1252 1375 in-

157 1414 306 1475 venitur:

252 1535 325 1587 020
343 1537 347 1625 l
363 1539 387 1588 .'.
403 1540 407 1627 l
424 1537 474 1589 02

157 1672 260 1752 Seph.
281 1671 356 1733 Oed.
376 1672 439 1734 Cel.
462 1674 532 1735 lbi.

253 1802 482 1893 προςπεύθου,
506 1805 622 1872 λεῦσσέ
644 1832 702 1887 etv,

253 1908 455 1996 προςδέρκου
479 1915 640 1998 πανταχῆ.

159 2053 273 2132 Eurip.
293 2052 362 2112 llee.
385 2052 454 2112 lla.
478 2051 549 2112 lte.

252 2178 401 2273 κτηθείά
425 2179 602 2274 ἀφίξομαι.

252 2285 425 2375 πτόρθους
446 2289 564 2354 Λατοῖ
586 2281 682 2376 φίλᾳ.

150 2526 156 2533 ’
250 2511 367 2603 §498-
400 2525 551 2597 Quoniam
576 2524 607 2603 in
629 2523 762 2602 strophis
783 2536 877 2586 metra
894 2528 1046 2606 Glyeenea
1063 2527 1249 2590 habentibus

158 2649 225 2692 non
240 2646 363 2707 semper
378 2645 484 2687 omnes
502 2645 608 2688 versus
624 2628 748 2707 legitimi
765 2628 911 2709 Glyeonei
926 2640 1009 2710 sunt,
1038 2629 1094 2692 sed
1110 2631 1159 2691 alii
1176 2631 1249 2691 len-

160 2735 272 2814 giores‚
298 2730 350 2791 alii
366 2729 531 2808 breviores,
558 2748 650 2809 saepe
672 2729 886 2794 difficillimum
903 2741 950 2793 est
965 2752 1074 2795 versus
1092 2743 1171 2794 reete
1188 2733 1249 2796 de-

160 2836 314 2913 scribere,
341 2832 493 2913 siquidem
509 2843 595 2913 parte
613 2853 720 2896 versus
735 2834 858 2915 dempta
876 2845 906 2896 et
921 2836 1008 2896 alteri
1025 2837 1127 2897 versui
1144 2834 1246 2898 addita

160 2959 224 3001 nen
242 2941 343 3001 minus
359 2937 439 2998 bena
455 2945 529 2998 sunt
544 2946 574 2997 et
587 2938 696 2999 usitata
713 2947 818 2999 metra.
847 2940 885 3000 Vt
899 2941 929 2999 in
943 2939 1035 3019 Seph.
1052 2936 1154 3019 Antig.
1173 2940 1242 3002 400.

159 3045 228 3105 sive
244 3043 285 3104 ita
301 3040 489 3120 distinguas:

250 3167 344 3250 ἀκτίς
366 3166 492 3253 ἀελίου,
515 3171 554 3238 τὸ
577 3169 654 3238 κάλ-

249 3274 361 3342 λιστου
384 3271 568 3362 ἑπταπύλῳ
593 3273 696 3364 φανὲν

251 3375 348 3467 Θήβᾳ
369 3383 435 3443 τῶν
456 3375 628 3466 προτέρων
652 3375 751 3468 φάος,

160 3524 229 3585 sive
245 3523 305 3583 sie:

248 3650 343 3733 ἀκτίς
365 3649 491 3735 ἀελίου,

248 3756 287 3824 τὸ
311 3755 488 3823 κάλλιστον
511 3753 694 3844 ἑπταπύλῳ

249 3859 352 3950 φανὲν
378 3857 474 3949 Θήβᾳ
495 3864 561 3926 τῶν
583 3857 764 3947 προτέρων,

159 4022 218 4084 per
243 4023 277 4063 se
305 4013 411 4063 neutra
440 4003 516 4061 ratio
544 4000 724 4081 reprehendi
753 4009 862 4079 potest,
901 4003 933 4061 ln
957 4003 1132 4065 buiusrnerli
1156 4009 1247 4084 igitur

159 4107 234 4169 locis
250 4104 410 4183 diligenter
427 4103 595 4166 videndum
611 4114 667 4183 est,
683 4103 756 4184 quid
774 4105 1032 4183 antistropharum
1048 4112 1242 4191 comparatio,

157 4211 185 4271 si
202 4226 326 4271 carmen
348 4207 600 4288 antistrophieum
616 4217 677 4290 est,
705 4208 754 4270 vel
769 4206 922 4289 hiatibus,
949 4210 998 4271 vel
1013 4209 1140 4290 syllabis
1156 4214 1246 4274 anei-
