2804 4912
4 40 178 184 lolia·

166 298 227 360 136
568 316 625 359 ιιι.
646 318 678 359 ιι.
707 316 769 360 mr.
788 317 865 360 mr.

249 449 365 550 5328.
395 469 711 532 llimetrum'solutas
739 488 824 532 arses
845 469 1012 532 habentem
1039 468 1175 531 luerunt
1198 470 1244 549 qui

163 573 568 655 proceleusmaticum
604 581 871 636 tetrametrum
908 571 1243 652 Aristophaneum

122 726 127 735 .
165 685 324 755 vocarent,
344 686 379 738 ut
393 676 577 755 Hephaestio
591 675 701 738 refert:
726 676 782 738 sed
803 675 1001 756 peritioribus
1016 676 1244 757 anapaesticum

19 828 23 833 -
111 822 116 837 .·
164 779 242 842 dici:

107 898 116 1063 i

250 891 300 971 τίς
321 888 407 1014 Q
421 891 616 1012 ssffixfllfss
626 889 699 962 τάδ’
721 892 863 1005 bordouse
882 900 1035 987 βροτῶνς

249 1106 273 1188 ἦ
288 1102 366 1172 379.
392 1104 636 1187 Spondiaoos
654 1106 732 1186 illos,
752 1106 866 1187 quibus
881 1126 974 1188 saepe
987 1107 1099 1188 plures
1114 1108 1238 1171 contioni

165 1211 331 1274 catalectici
346 1211 533 1289 inseruntur,
552 1218 589 1271 ut
602 1207 693 1273 valde
707 1227 816 1290 graves
831 1220 863 1272 et
876 1211 1045 1272 moestitiae
1061 1219 1164 1292 aptoS,
1182 1220 1237 1273 tra·

165 1316 222 1396 gici
241 1314 436 1394 potissimum
457 1320 666 1392 uam-parunt,
693 1315 735 1374 ita
750 1314 830 1394 lere,
853 1322 889 1376 ut
903 1314 1116 1394 antistrophioi
1132 1322 1235 1377 esseut

165 1418 287 1498 Propria
318 1415 426 1478 horum
454 1425 502 1477 est
529 1416 678 1498 neglectio
700 1435 856 1479 caesurae.
897 1416 1074 1479 catalectici
1097 1418 1160 1498 illi,
1183 1418 1237 1481 sire

165 1520 358 1602 paroemiaci,
377 1520 434 1582 etsi
450 1520 591 1582 ultimam
606 1518 723 1582 habent
737 1521 919 1600 ancipitem,
945 1529 1049 1581 tamen
1064 1519 1237 1599 plerumque

167 1633 306 1705 curatur,
331 1632 422 1685 ntea
445 1621 565 1702 syllaba
587 1623 676 1703 longa
698 1625 754 1703 sit,
781 1623 866 1704 quod
887 1622 920 1685 id
940 1623 1043 1704 aptius
1064 1623 1121 1683 toti
1140 1622 1236 1685 horum

166 1746 315 1791 versuum
335 1726 431 1789 indoli
446 1727 548 1788 visum
569 1734 625 1788 est.
658 1726 808 1807 Exempla
829 1726 939 1789 horum
953 1744 1105 1788 versuum
1124 1727 1236 1788 suntin

166 1832 265 1894 Persis
286 1850 304 1894 a
327 1848 356 1891 v.
378 1831 449 1891 035.
472 1831 506 1891 in
527 1829 669 1910 Hecuba,
695 1848 828 1910 quorum
850 1829 1003 1911 quaedam
1024 1829 1117 1892 allata
1140 1828 1233 1913 6316.

166 1936 198 1997 in
220 1932 407 2012 Troadibus,
436 1934 469 1992 in
490 1931 645 2013 Iphigenia
669 1935 815 2014 Taurica,
848 1935 881 1995 in
901 1935 986 2013 lone,
1011 1943 1042 1995 et
1064 1934 1158 2013 alihi;
1182 1943 1234 1997 tan

166 2038 251 2121 apud
266 2035 419 2118 Aristoph.
438 2037 470 2096 in
486 2037 562 2098 llan.
583 2037 654 2098 372.
674 2056 716 2099 ss.
736 2039 768 2099 in
783 2036 840 2100 hv.
862 2039 955 2099 1058.
973 2055 1016 2098 ss.
1035 2038 1068 2098 in
1083 2037 1160 2098 Pace
1176 2038 1232 2099 133.

167 2163 192 2204 s.
215 2144 285 2205 161.
311 2160 354 2203 ss.
388 2142 441 2201 llis
463 2139 637 2220 spondiacis
659 2141 856 2220 paroemiaois
873 2140 1022 2221 Synesius
1041 2138 1232 2219 hymnuml.

168 2245 298 2326 scripsit.

253 2446 368 2535 8380.
395 2449 427 2513 Si
450 2447 574 2532 quando
594 2450 642 2513 his
662 2450 805 2514 versibus
824 2450 948 2514 iunctus
967 2451 1128 2515 invenitur
1143 2468 1231 2516 mora·

168 2565 266 2620 meter
280 2553 561 2636 hypercatalectus,
580 2556 777 2618 verisimilius
791 2553 930 2635 videtur,
949 2572 1021 2617 eum
1037 2554 1236 2620 dochmiacon

169 2678 252 2722 esse:
270 2658 352 2722 utin
367 2658 483 2721 Hecuh.
506 2660 576 2720 103.
599 2660 669 2720 too.
688 2657 738 2720 ed.
757 2659 838 2720 Pors.

254 2771 417 2866 Πηλιίδα,
439 2771 541 2862 γέννα.

254 2876 411 2967 μάνυσον,
432 2881 547 2967 μᾶτερ.

170 3005 232 3067 Nec
247 3004 347 3068 dicam
362 3007 416 3086 qui
432 3005 464 3066 in
480 3002 649 3065 Trachiniis
664 3011 739 3066 sunt
752 3022 783 3065 v.
805 3003 897 3064 1085.
920 3003 1011 3065 1086.

257 3113 347 3202 ὦναξ
360 3117 466 3211 Ἅιδη,
491 3118 585 3202 δέξαι
606 3115 652 3204 μ’,

257 3217 284 3291 ὦ
305 3222 391 3302 Διὸς
413 3219 518 3306 ἀκτίς,
540 3220 666 3290 noiolio
686 3217 732 3307 μ’,

171 3353 380 3431 anapaesticos
395 3349 540 3411 dimetros
555 3347 837 3428 brachycatalectos
852 3349 971 3428 potius,
998 3365 1095 3428 quam
1109 3351 1250 3415 iambicos
1276 3342 1278 3393 3

171 3454 422 3534 ischionhogicos
434 3470 512 3532 esse,
527 3453 708 3532 praesertim
719 3470 817 3533 quum
829 3450 924 3514 medii
938 3453 1001 3515 sint
1010 3452 1092 3515 inter
1103 3456 1251 3519 trimetros

171 3557 326 3621 iambicos.

258 3661 402 3724 Ceterum
418 3678 495 3740 quos
511 3660 546 3722 G.
565 3658 741 3723 Dindorfius
756 3658 796 3721 ad
805 3656 1017 3740 Aristophanis
1032 3656 1118 3723 Aves
1134 3680 1167 3727 v.
1184 3665 1250 3727 333.

172 3765 203 3824 in
219 3762 350 3826 editione
370 3765 443 3825 anni
461 3765 553 3826 1830.
573 3772 603 3824 et
624 3762 656 3823 in
677 3761 924 3824 adnotationibus
939 3760 979 3823 ad
994 3762 1157 3843 Euripidis
1173 3766 1255 3848 lphi-

172 3867 291 3947 geniam
315 3867 346 3928 in
362 3865 469 3928 Tauris
485 3884 515 3928 v.
537 3867 608 3930 130.
632 3874 825 3929 commentus
846 3873 894 3929 est
915 3883 1025 3929 versus
1045 3872 1255 3950 anapaesticos

172 3970 350 4050 imperfecta
367 3988 527 4051 mensura,
553 3985 612 4031 nec
632 3969 760 4033 luerunt
780 3986 929 4049 umquam
947 3969 1003 4031 ulli
1017 3987 1076 4033 nec
1090 3980 1258 4052 potuerunt

173 4091 250 4136 esse.
277 4074 320 4135 De
335 4073 384 4135 his
399 4073 463 4135 dixi
478 4072 517 4135 ad
532 4072 705 4154 iphigeniae
720 4073 866 4136 Tamioae
881 4093 912 4136 v.
930 4072 1002 4135 103.

355 4330 358 4337 ,
425 4272 458 4333 ἦ
