2804 4912
697 316 861 382 sussurim.

323 483 489 573 ψεύσταν,
516 479 650 567 ἀδικον,
675 487 862 572 προδόταν,
886 483 924 566 ὃς
947 488 1190 575 Τιμοκρέοντα,
1217 490 1326 569 ξεῖνον

813 591 908 674 ἐάντ’,

268 738 271 743 ·
324 695 494 788 ἀργυρίοις
530 705 782 786 σκυβαλικτοῖσι
820 698 994 783 πεισθείς,
1028 699 1066 768 οὗ
1100 700 1242 791 κατᾶγεν
1275 701 1326 781 είς

322 806 453 894 πάτραν
472 803 630 892 Ἰάλυσον,

324 914 436 1001 λαβὼν
458 915 496 983 δὲ
517 911 581 1003 τρί’
611 912 768 1004 ἀργυρίου
792 913 935 999 τάλαντ’,
961 914 1022 1002 ἔβα
1045 918 1155 984 πλέων
1178 915 1227 996 είς
1249 912 1325 984 ἀλε-

814 1031 910 1112 θρον,

325 1130 404 1210 τοί-ς
430 1130 490 1215 μὲν
519 1131 669 1219 κατάγων
699 1129 838 1214 ἀδίκως,
865 1131 944 1209 τοὺς
975 1128 1003 1198 δ’
1033 1129 1214 1214 ἐκδιώκων,
1246 1133 1327 1210 τούς

327 1239 364 1306 de*
386 1235 524 1316 καίνων,
551 1234 716 1327 ἀργυρέων
736 1236 927 1321 ὑπόπλεως,

324 1341 460 1430 Ἰσθμοῖ
503 1347 541 1412 δὲ
577 1346 763 1426 πανδοκεδς
794 1345 933 1435 γελοίως
974 1346 1087 1437 ψυχρὰ
1119 1347 1199 1432 κρέα
1236 1372 1327 1434 παρ-

816 1454 912 1538 έχων·

328 1557 365 1626 οἵ
390 1558 419 1627 δ’
448 1555 586 1650 ἤσθιον,
617 1555 776 1651 κηῦχοντο
806 1560 851 1650 μὴ
879 1560 968 1649 ιῖραν
999 1564 1244 1647 Θεμιστοκλεῦς
1270 1587 1330 1650 γε-

781 1668 909 1736 νὲσθαι.

242 1888 421 1956 Videndum
442 1887 563 1973 primo,
585 1884 629 1976 μὴ
652 1895 754 1954 utrum
777 1887 820 1954 ad
835 1890 982 1969 verbum,
1007 1909 1048 1953 an
1064 1887 1106 1954 ad
1126 1911 1240 1956 nomen
1255 1911 1331 1975 per-

243 1998 352 2063 tineat.
383 1996 434 2062 Ad
455 1996 585 2062 verbum
611 2001 719 2079 aperte
745 1998 864 2062 rettulit
885 1996 1157 2081 Theophylactus,
1182 2000 1227 2063 ita
1249 2000 1331 2064 scri-

243 2106 340 2170 bens:
358 2099 403 2191 μὴ
416 2102 524 2167 ἵκοιτο
537 2099 626 2187 ὥρας
641 2096 881 2179 δΛειίκιππος.
905 2104 1331 2172 Oumnomincconiunxisse

243 2213 390 2278 videntur
411 2211 658 2294 Aristophanes,
683 2210 811 2289 Alexis,
835 2211 1039 2290 Timocreon,
1062 2212 1240 2290 Lucianus,
1265 2234 1329 2278 non

245 2321 346 2385 solum
362 2318 445 2401 quod
462 2339 524 2383 non
539 2318 792 2401 interposuerunt
805 2319 902 2383 aliam
916 2338 1038 2396 vocem,
1057 2319 1114 2385 sed
1128 2321 1212 2402 quod
1219 2320 1331 2386 Alexis

245 2433 328 2492 certe
344 2433 375 2490 et
391 2426 548 2490 Lucianus
564 2425 750 2509 particulam
773 2447 836 2491 non
858 2433 930 2510 post
954 2423 1016 2513 μή,
1044 2427 1102 2492 sed
1126 2432 1198 2510 post
1224 2422 1332 2510 ιῖρασι

245 2535 448 2600 collocarunt.
481 2533 518 2596 In
534 2533 677 2598 Alexidis
698 2533 873 2616 fragmento
888 2535 1015 2617 quidem
1030 2533 1148 2601 excidit
1161 2534 1330 2618 particula,

243 2642 303 2708 sed
318 2640 542 2707 restituendam
559 2660 629 2706 esse
644 2647 777 2707 metrum
792 2642 946 2709 ostendit:

955 2853 963 2876 “
990 2852 1018 2919 δι’
1038 2878 1095 2921 ασι
1144 2852 1178 2922 ἓν

333 2964 375 3030 τά
397 2967 462 3030 τῶν
481 2964 590 3028 κακῶν
613 2957 718 3029 ἵκοιθ’
742 2959 760 3029 ὁ
783 2959 862 3040 τοὺς
883 2880 1036 3050 θέῗιίιουςρ
1053 2880 1178 3053 φαγμίίν.

250 3180 408 3246 Lucianus
431 3186 535 3245 autem
559 3180 598 3246 de
620 3182 724 3245 saltat.
750 3200 778 3244 c.
799 3186 828 3244 5.
846 3181 892 3245 ita
914 3180 1039 3246 scribit:
1063 3177 1108 3266 μὴ
1129 3169 1337 3266 ιῖρασινάρα

251 3283 394 3375 ἱκοίμην,
413 3278 448 3350 εί
458 3310 491 3350 τι
506 3291 656 3351 τοιοῦτον
672 3280 876 3375 ἀνασχοίμην
891 3283 985 3351 ποτέ.
1010 3287 1052 3352 Et
1067 3287 1113 3352 sic
1125 3287 1263 3370 saepius.
1289 3285 1338 3350 Ac

250 3414 442 3479 magnopere
457 3390 539 3456 hanc
554 3394 706 3459 rationem
721 3400 834 3477 poetae
849 3394 1044 3469 confirmant,
1069 3394 1141 3476 qui,
1164 3394 1190 3459 si
1206 3388 1250 3480 μὴ
1273 3413 1337 3458 non

251 3504 420 3588 pcrtincrct
442 3499 483 3566 ad
506 3521 639 3580 nornen,
671 3501 906 3585 superavissent
926 3501 1113 3583 particulam
1135 3502 1176 3566 ab
1196 3501 1336 3565 nomine.

252 3611 336 3676 Nam
359 3612 427 3675 sive
446 3608 567 3673 hiatum
589 3608 729 3675 lacerent
751 3592 811 3674 h'ac
826 3627 939 3686 voces,
965 3606 1113 3672 vitandus
1129 3607 1182 3671 ille
1198 3613 1283 3685 erat,
1309 3607 1339 3670 si

251 3740 316 3784 non
332 3723 399 3782 crat
409 3717 625 3796 necessarius3
644 3716 712 3782 sive
727 3736 784 3800 per
794 3714 1045 3801 synecphonesin
1062 3714 1338 3795 coniungerentur,

255 3846 294 3891 ea
308 3826 379 3909 ipsa
393 3824 511 3891 indicio
527 3829 585 3903 cst,
603 3823 743 3908 separari
758 3820 817 3887 has
832 3840 925 3887 voccs
940 3841 1003 3886 non
1019 3821 1149 3899 debere,
1167 3820 1224 3885 sed
1239 3820 1340 3903 parti-

256 3935 358 3999 culam
382 3952 453 3997 cum
476 3931 602 3998 nomine
624 3950 695 3996 csse
716 3930 905 4013 copulatam.
938 3928 1020 3994 Hinc
1043 3935 1184 4012 apertum
1201 3946 1271 3991 esse
1286 3947 1340 3990 ar-

256 4041 371 4119 bitror,
389 4039 649 4105 constructionem
672 4037 836 4103 verborum
858 4056 921 4099 non
944 4055 1118 4113 comesse,
1142 4054 1223 4116 quac
1238 4034 1341 4117 primo

256 4147 408 4231 adspectu
434 4148 597 4223 videatur,
624 4142 669 4232 μὴ
697 4142 804 4207 ἵκοιτο
831 4138 937 4227 δρας,
965 4144 1016 4207 vel
1043 4137 1186 4229 σῖρασιν,
1214 4147 1269 4205 aut
1294 4137 1341 4229 μὴ
