2804 4912
545 200 582 243 na
598 199 729 242 manus
747 199 886 242 crunon.
1221 184 1261 244 65

191 368 254 412 oues
271 353 348 413 enim
364 353 456 433 primi
471 361 502 414 et
516 355 618 436 quarti
634 353 696 415 sola
713 354 853 414 anacrusi
870 351 1029 431 differunt,
1050 351 1156 413 eodem
1173 353 1263 416 modo

187 463 212 514 ut
224 455 360 516 trochaei
375 465 407 517 et
421 456 531 536 iambi,
550 455 664 537 dactyli
679 465 710 517 et
725 457 899 538 anapaesti:

230 555 241 631 ,l
297 557 394 606 Lus-v
517 558 663 606 Lw.w
782 558 981 606 Low-ww

264 695 288 725 υ
297 678 369 726 Lu.
455 694 507 726 w
515 678 611 726 Lw.
698 693 774 726 ww
783 678 903 726 va.

181 778 279 862 itque
294 801 332 843 ex
347 784 469 845 numeri
486 782 562 863 lege,
582 786 654 863 quia
670 784 781 845 thetica
797 792 935 864 tempora
949 786 1034 864 paria
1050 802 1119 846 esse
1135 784 1260 867 debent,

181 886 257 947 arsis
274 885 402 966 quidem
413 887 559 967 paeonica
576 888 768 965 solutionem,
784 885 840 948 sed
854 886 948 948 thesis
965 905 1025 949 non
1041 886 1174 951 admittit
1186 910 1265 952 oon-

180 992 367 1050 tractionem.
402 988 479 1051 Nam
501 992 563 1052 arsi
585 991 683 1053 soluta
707 1011 747 1051 ex
770 992 908 1070 quinque
930 990 1058 1070 paribus
1074 994 1265 1074 temporibus

178 1102 298 1154 constat
312 1092 361 1154 bic
376 1112 449 1173 pes,
476 1095 507 1154 in
524 1094 601 1155 thesi
618 1103 720 1157 autem
738 1095 941 1155 contractione
957 1093 1055 1175 iacta,
1078 1099 1145 1157 sive
1162 1118 1196 1158 ea
1213 1099 1266 1160 fiat

174 1195 201 1254 in
216 1193 350 1259 duabus
373 1196 544 1276 prioribus,
572 1200 638 1259 sive
658 1199 689 1258 in
705 1195 926 1278 posterioribus
943 1196 1089 1278 syllabis,
1109 1218 1188 1261 nova
1205 1203 1265 1262 arsi

171 1296 264 1362 illata
278 1298 461 1382 perderetur
475 1319 626 1363 numerus
642 1303 826 1381 paeonicus:

267 1402 366 1451 va
573 1403 673 1451 qu

267 1506 365 1554 LLo
572 1507 660 1554 LoL

271 1694 385 1778 5197.
412 1699 460 1759 Ex
472 1716 534 1778 quo
550 1698 758 1776 consequitur,
775 1698 1100 1760 numerumCrcticum
1117 1698 1156 1762 ad
1171 1719 1268 1781 genus

177 1798 367 1864 trochaicum
384 1803 553 1881 pertinere,
580 1819 681 1879 neque
696 1797 781 1861 aliud
797 1817 882 1880 esse,
909 1819 1002 1880 quam
1023 1801 1180 1881 dipodiam
1200 1813 1269 1866 tro-

180 1894 317 1966 chaicam
333 1903 559 1984 catalectioam,
579 1920 659 1984 quae
675 1922 714 1964 ex
730 1904 808 1981 arsi,
828 1905 918 1983 thesi,
938 1914 969 1966 et
984 1907 1096 1968 iterum
1111 1909 1172 1969 arsi
1189 1927 1268 1970 con-

184 2006 256 2063 siut.
287 2008 324 2069 Et
338 2009 484 2087 quoniam
505 2008 555 2069 bic
570 2007 646 2069 ordo
660 2006 836 2088 periodicas
856 2018 913 2088 est,
932 2018 1074 2088 apertum
1090 2021 1147 2091 est,
1166 2011 1268 2075 thesin

189 2112 252 2165 Μ
265 2126 348 2190 possa
359 2113 524 2192 ancipitem
535 2129 614 2190 esse,
634 2109 691 2172 sed
702 2129 825 2190 semper
839 2121 871 2172 et
881 2114 1053 2175 necessario
1064 2133 1104 2175 ex
1119 2133 1181 2176 una
1194 2123 1269 2177 tan-

191 2204 255 2269 lum
271 2210 351 2276 brevi
366 2213 487 2295 syllaba
502 2224 657 2277 constare:
676 2216 759 2275 arsin
774 2225 878 2276 autem
893 2225 1058 2296 utramque
1074 2217 1152 2280 solvi
1162 2237 1265 2298 posse,

187 2314 247 2377 quo
263 2314 302 2396 iit,
319 2327 356 2379 ut
370 2326 402 2380 et
414 2319 546 2399 primus,
569 2326 601 2378 et
614 2327 745 2398 quartus
760 2335 869 2398 paeon,
889 2327 920 2379 ct
935 2337 1008 2380 vero
1024 2320 1115 2380 etiam
1130 2322 1268 2402 quinque

186 2395 296 2480 blesus
308 2437 365 2500 pro
380 2421 498 2485 Cretico
512 2422 586 2500 poni
600 2422 736 2501 possint:

281 2521 302 2569 .'
316 2538 342 2570 υ

271 2640 389 2674 WW

183 2704 325 2793 philibus
347 2740 449 2792 autem
473 2730 607 2809 pedibus
623 2733 750 2794 Creticis
768 2750 828 2793 uno
843 2750 938 2793 versu
960 2733 1130 2794 coniunctis
1147 2733 1268 2796 nullum

181 2826 256 2889 mm
267 2832 328 2897 alio
344 2834 506 2895 cohaerere
530 2833 637 2896 ordine
652 2835 755 2915 aliquo
770 2834 941 2914 periodico,
965 2833 1065 2895 ultimi
1088 2845 1191 2898 autem
1207 2857 1269 2918 pe-

181 2908 229 2983 ffiss
245 2936 404 3016 ultimam,
427 2946 464 2999 ut
478 2956 600 2999 omnem
616 2937 767 3018 syllabam
784 2938 924 3017 finalem,
950 2939 1115 3017 ancipitem
1131 2959 1217 3021 esse,
1238 2952 1270 3003 et

181 3020 263 3101 ”bi
282 3059 343 3102 non
365 3060 471 3121 posse,
497 3043 562 3103 nisi'
578 3043 610 3102 in
631 3042 823 3121 systematis:
850 3041 882 3101 in
905 3039 1022 3121 quibus
1045 3043 1190 3121 quoniam
1207 3063 1267 3106 una

174 3128 388 3235 &petulcam
404 3145 498 3207 iuncti
513 3152 587 3207 sunt
602 3146 737 3224 numeri,
763 3144 891 3207 ultimus
906 3163 1054 3207 versuum
1070 3163 1142 3226 pes,
1169 3148 1227 3208 nisi
1243 3149 1268 3208 si

169 3230 276 3308 8¹¹¹lul
290 3249 386 3310 totius
401 3250 576 3329 systematis
593 3247 720 3310 ultimus
736 3257 799 3327 est,
826 3246 934 3309 eadem
951 3247 1033 3329 lege,
1059 3267 1120 3328 qua
1136 3251 1269 3330 quisque

166 3333 321 3431 ln‘’dius,
341 3361 473 3414 tenetur.
568 3394 575 3406 ·

269 3559 293 3640 ξ
310 3554 385 3624 198.
412 3559 584 3621 Solutiones
593 3560 745 3622 Creticum
757 3558 835 3619 adeo
847 3559 978 3620 similem
991 3557 1127 3620 reddunt
1137 3563 1268 3640 paeoni-

187 3655 263 3744 us,
288 3674 325 3725 ιιι
345 3661 492 3743 distingui
514 3663 555 3725 ab
570 3665 607 3725 iis
623 3680 685 3724 non
700 3663 759 3724 nisi
774 3680 810 3723 eo
825 3664 939 3741 possit,
959 3661 1042 3742 quod
1058 3680 1207 3744 paeones,
1234 3675 1269 3727 ut

203 3753 291 3828 ¹96.
317 3765 561 3829 demonstratum
583 3775 645 3846 est,
664 3766 817 3830 Creticum
840 3765 932 3844 plane
954 3763 1190 3846 adspernantur.
1225 3766 1269 3828 Ac

153 3845 335 3932 ¹¹¹1luerus
350 3888 424 3932 sane
439 3870 601 3950 utriusque
616 3870 736 3951 generis
752 3867 981 3930 diversissimus
997 3877 1052 3931 est.
1078 3870 1154 3930 Nam
1170 3889 1269 3950 paeo-

152 3949 242 4051 998
265 3992 359 4037 uuam
382 3975 464 4035 arsin
486 3992 557 4036 curn
579 3972 658 4034 tbesi
688 3974 781 4033 trium
804 3972 946 4034 brevium
974 3970 1164 4051 syllabarum
1190 3991 1269 4033 con-

153 4055 321 4140 111ῐὶιιιιιῐι
336 4076 462 4155 babent,
478 4077 587 4141 Cretici
602 4086 706 4139 autem
721 4094 805 4138 arses
815 4074 903 4155 duaa,
923 4076 1003 4137 inter
1014 4094 1091 4157 quas
1107 4073 1207 4137 media
1223 4085 1271 4136 est

236 4191 468 4245 normannicarum
478 4194 547 4236 doctr.
559 4195 670 4236 metricae.
1049 4199 1062 4243 5
