2804 4912
154 313 195 374 22
580 329 636 374 uro.
657 333 676 374 r.
696 330 758 375 chr.
776 334 805 376 x.

153 495 184 547 et
198 484 282 568 apud
298 483 464 546 Pindarum
479 486 565 546 Nem.
586 484 646 547 Vll.
667 489 717 546 89.

239 578 346 664 ξεῖνός
360 578 432 667 εἰμι
448 579 616 650 σκοτεινὸν
632 579 765 667 ἀπέχων
779 579 898 673 ψόγον.

153 692 202 752 vel
224 691 344 753 dialecti
366 690 500 771 quadam
522 693 724 773 proprietate,
749 700 786 755 ut
805 694 837 755 ln
861 692 1010 752 vocabulo
1034 686 1132 766 ἐσλὸς
1153 712 1228 774 apt

153 796 330 871 Dolienses;
355 793 490 874 denique
505 796 628 855 omnino
642 803 713 856 ante
729 793 884 874 duplicem
901 799 1119 857 consonanlem
1135 787 1228 856 inim

153 897 308 959 laventem
335 899 533 977 correptioni,
563 907 599 960 ut
620 906 691 959 unte
712 894 771 977 βλ,
796 893 852 979 γλ,
878 917 931 976 μν.
969 900 1134 980 Sophocles
1157 900 1228 960 00⁴

156 1004 191 1061 H.
212 1000 283 1061 7⁴7.

241 1095 367 1176 παιδὸς
380 1095 419 1165 δὲ
433 1095 590 1183 βλάστας.

154 1205 326 1286 Aeschylus
342 1208 373 1267 in
388 1194 488 1268 Persis
506 1196 576 1267 593.
597 1216 628 1267 et
642 1206 673 1266 in
689 1205 795 1285 Agam.
816 1202 887 1266 999.

241 1300 301 1371 οὐκ
317 1301 367 1372 ἔτι
381 1305 514 1392 γλῶσσα
530 1302 690 1394 φίλοισιν.

241 1405 298 1474 τὸν
314 1402 343 1473 d’
359 1400 436 1474 ἄνευ
453 1401 553 1497 λύρας
568 1405 659 1491 ὅμως
672 1403 829 1494 ὑμνῳδεῖ.

155 1518 206 1577 Sic
228 1507 362 1600 ὑμνήσω
388 1517 478 1577 etlam
505 1514 591 1597 apud
618 1514 798 1597 Euripidem
825 1516 934 1576 Bacch.
961 1517 1011 1576 il.
1044 1526 1076 1577 et
1101 1506 1228 1596 eiicere:

155 1619 255 1681 media
271 1627 408 1700 correpta
423 1618 508 1700 apud
524 1619 741 1700 Epicharmum
758 1619 989 1699 Hephaestionis
1004 1638 1035 1700 p.
1054 1623 1065 1679 l
1074 1616 1103 1682 5.
1138 1621 1228 1681 unio»

155 1723 208 1783 tho
230 1742 300 1784 vero
322 1725 348 1784 si
372 1723 446 1804 quid
469 1723 636 1784 insolenter
654 1723 772 1801 posuit,
803 1724 903 1783 sciens
924 1724 975 1783 ille
996 1742 1108 1804 pravos
1129 1736 1228 1785 versu!

156 1826 251 1905 dedit,
271 1837 306 1888 ut

238 1922 469 2003 Ἱππώνακτος
483 1923 522 1991 τὸ
537 1923 671 2009 μέτρον·
689 1919 785 1990 οὐδέν
799 1948 859 2007 μοι
874 1923 977 2008 μέλει.

155 2036 254 2107 Quem
270 2053 406 2111 versum,
426 2034 552 2094 citatum
568 2033 609 2094 ab
624 2032 845 2111 Hephaestione
861 2053 891 2111 p.
911 2035 926 2092 l
944 2032 967 2114 (l
977 2034 1004 2114 0)
1022 2034 1228 2095 Valckenarius

156 2136 196 2198 ad
221 2137 374 2196 Phoeniss
406 2138 497 2196 leus.
527 2156 567 2196 ex
593 2135 763 2197 Herodiano
789 2136 849 2197 HS.
876 2137 1005 2216 profert,
1036 2157 1097 2198 non
1123 2155 1228 2198 memor

156 2240 274 2301 editum
295 2258 365 2300 esse
387 2241 482 2301 istum
503 2239 666 2301 Herodiani
688 2239 827 2301 libellum
847 2241 879 2299 in
896 2241 996 2302 Hortis
1011 2238 1110 2302 Adon.
1131 2241 1185 2304 ubi
1203 2261 1228 2303 v.

157 2343 208 2405 lol.
230 2344 241 2402 l
251 2345 301 2404 ul.
320 2341 351 2402 b.

242 2544 334 2628 578.
367 2551 468 2627 Longa
489 2549 600 2610 vocalis
623 2549 672 2610 vel
694 2547 903 2629 diphthongus
924 2550 1009 2629 apud
1025 2552 1155 2612 Graecos
1170 2560 1228 2612 anu

157 2654 294 2716 vocalem
310 2652 486 2731 corripitur,
514 2652 608 2732 idque
623 2672 684 2713 non
699 2653 799 2716 solum
815 2655 846 2714 in
862 2654 922 2714 fine
939 2654 1097 2734 vocabuli,
1125 2655 1164 2716 de
1179 2673 1228 2734 qua

159 2777 190 2819 re
207 2777 296 2837 mox,
322 2756 376 2818 ubi
391 2754 430 2815 dc
446 2755 548 2835 hiatu,
568 2750 723 2835 diceinuS,
743 2757 903 2818 sedetiam
920 2759 950 2817 in
967 2756 1073 2818 eadem
1092 2777 1181 2837 voce,
1204 2766 1228 2818 ut

157 2863 188 2921 in
213 2858 326 2921 ποιεῖν
347 2861 519 2935 τοιοῦτος,
543 2852 691 2943 γεραιός,
720 2851 884 2937 δείλαιος,
907 2860 1076 2943 πατρῷος.
1117 2862 1228 2931 Harioru

157 2973 231 3026 sunt
240 2954 423 3048 Ἀθήναιος
443 2962 527 3043 apud
542 2963 750 3024 Pherecratem
772 2963 896 3024 citatum
913 2965 1071 3026 Eustathio
1092 2985 1122 3045 p.
1146 2966 1228 3041 titt,

160 3070 210 3128 52.
230 3077 261 3128 ot
282 3057 510 3151 φιλαθήναιος
530 3066 614 3144 apud
635 3065 789 3146 Aristoph.
809 3067 899 3148 Vcsp.
921 3068 993 3128 282.
1030 3069 1136 3147 Neque
1159 3067 1228 3128 enim

159 3172 190 3231 in
212 3188 409 3249 quacumque
430 3188 503 3230 voce
524 3169 582 3231 hac
602 3171 723 3231 licentia
746 3179 886 3232 utuntur.
920 3173 988 3244 Quo
1010 3172 1143 3250 pertinet
1164 3161 1228 3250 seh,

159 3273 341 3334 Rhinthonis
356 3271 442 3351 apud
458 3273 620 3353 Hephaest.
641 3292 672 3353 p.
695 3274 710 3332 l
733 3273 808 3356 (lu).

245 3475 341 3559 579.
379 3476 472 3558 Apud
493 3480 614 3540 Latinos
637 3478 752 3559 duplex
774 3481 909 3542 recitatio
935 3483 966 3541 in
993 3501 1054 3542 usu
1078 3479 1151 3559 luit,
1182 3495 1228 3542 uni

159 3592 316 3644 accentum
342 3584 473 3644 maxime
493 3582 714 3645 >vocabulorum
737 3593 768 3645 et
784 3585 940 3662 vulgarem
962 3585 1228 3662 pronuntiationes

160 3705 308 3765 sequens,
335 3705 395 3765 qua
416 3686 530 3746 scenici
552 3694 670 3748 veteres
693 3689 741 3748 usi
764 3695 850 3764 sunt,
880 3687 974 3757 altera
995 3685 1035 3747 ad
1057 3688 1228 3750 Graecorut

160 3791 336 3870 exemplum
353 3787 549 3867 conformata,
567 3807 646 3868 quae
661 3790 702 3851 ab
717 3791 814 3852 Ennio
829 3791 964 3870 primum
979 3791 1010 3849 in
1028 3791 1148 3869 epicam
1164 3804 1226 3871 poe

160 3894 217 3971 sin,
244 3890 373 3972 Augusti
389 3911 465 3952 aevo
480 3893 511 3951 in
528 3894 628 3955 omnia
644 3893 706 3955 [ere
722 3912 832 3973 genera
849 3913 976 3973 poeseos
992 3892 1166 3957 introducta
1182 3895 1228 3956 esl

159 3996 284 4057 Scenioa
301 3996 351 4056 illa
366 3996 500 4056 recitatio
515 3984 655 4058 abundat
670 3996 930 4078 correptionibus,
956 4015 1057 4076 neque
1080 4007 1169 4060 curat
1183 3990 1228 4080 pd

161 4101 311 4177 sitioncm,
337 4098 420 4160 unde
437 4099 496 4174 itte,
517 4107 616 4180 ratque,
637 4101 771 4180 Philippi,
792 4101 963 4176 iuventutis,
990 4100 1094 4161 etalio
1111 4100 1228 4182 plurim

160 4203 306 4285 correptis
322 4210 393 4264 ante
408 4200 564 4282 duplinem
579 4210 798 4264 consonantem
813 4202 971 4264 vocalibus
990 4205 1228 4282 pronuntianut
