2804 4912
463 182 499 223 nr
516 181 662 224 rnrrrrrno
679 180 797 223 rrnrreo
813 179 936 221 cirino.
1207 164 1247 222 55

152 335 212 415 qui
234 335 305 397 iinit
325 351 468 414 versum,
498 335 614 398 nullam
637 335 761 396 omnino
781 332 948 396 admissam
971 353 1040 397 esso
1062 333 1246 396 solutionem

152 437 307 500 credibile
322 446 380 518 est,
406 439 476 500 lieet
490 438 670 501 Heliodorus
686 436 770 517 apud
785 439 974 501 Priscianum
988 455 1020 517 p.
1040 435 1131 498 1327.
1165 438 1246 518 Hip-

154 550 322 622 ponactem
337 541 434 605 multa
454 541 598 604 licentius
621 540 730 603 iecisse
752 539 849 603 dieat:
875 540 931 604 sed
952 559 1031 622 quos
1046 558 1157 602 versus
1179 541 1246 603 eius

155 647 189 707 in
204 645 289 709 hanc
302 664 369 708 rem
383 643 509 727 profert,
525 644 564 708 de
579 646 617 709 iis
631 664 663 708 v.
679 643 880 707 Lindemann.
896 643 937 707 ad
952 645 1043 706 Prisc.
1059 662 1151 725 opera
1166 645 1240 704 min.

154 766 187 829 p.
210 750 283 809 391.
303 757 335 810 et
349 767 449 812 meam
464 749 624 830 epistolam
639 768 670 828 p.
687 751 759 810 398.
792 749 836 810 Ne
852 751 884 809 in
900 757 1009 829 quarto
1025 747 1150 830 quidem
1166 747 1244 828 pede

153 851 306 933 frequens
321 861 370 915 est
383 853 503 932 solutio,
519 860 555 915 nt
569 853 600 915 in
615 852 663 915 his
674 851 830 916 Phoenicis
842 852 1019 932 Colophonii
1035 850 1119 935 apud
1130 847 1240 913 Athon.
1270 904 1280 932 ,

155 956 224 1019 XII.
243 973 275 1036 p.
296 958 367 1019 530.
386 956 422 1017 Ε.
1113 982 1115 988 ·

246 1056 286 1129 οὗ
302 1060 397 1151 παρὰ
410 1058 550 1150 μάγοισι
563 1066 633 1151 πῦρ
650 1057 739 1150 ἱερὸν
753 1056 938 1150 ἀνέστησα.

244 1161 292 1247 ὥς
306 1161 337 1233 δ’
352 1160 499 1234 ἀπέθαν’
512 1159 610 1255 ‘ainaim
627 1168 714 1233 πᾶσι
728 1162 906 1233 κατέλιπεν
920 1167 1023 1255 ῥῆσιν.
1115 1160 1117 1165 ’

245 1375 270 1457 5
286 1372 361 1442 166.
396 1378 513 1459 Tragici
526 1395 655 1476 pporsus
670 1375 889 1439 abstinuerunt
903 1376 943 1439 ab
959 1377 1016 1438 hoo
1032 1386 1129 1439 metro
1143 1396 1244 1459 nequo

154 1481 268 1545 comici
283 1499 319 1542 eo
333 1481 382 1544 usi
398 1489 488 1559 sunt,
514 1481 573 1544 nisi
593 1479 670 1542 forte
689 1478 862 1542 alludentes
874 1479 915 1542 ad
930 1479 1183 1561 iambographo's,
1209 1490 1245 1543 nt

154 1584 288 1666 Eupolis
303 1585 335 1645 in
350 1572 508 1658 Βάπταις
521 1583 606 1663 apud
621 1583 764 1645 Priscian.
783 1602 814 1662 p.
837 1584 928 1644 0830.

246 1685 366 1758 ἀνόσια
381 1687 501 1774 πάσχω
515 1695 631 1768 ταῦτα,
648 1687 705 1756 καὶ
717 1686 766 1774 μὰ
780 1688 841 1768 τὰς
855 1686 995 1779 νύμφας.

246 1793 377 1861 πολλοῦ
391 1792 453 1879 μὲν
467 1783 525 1860 οὖν
540 1788 668 1871 δίκαια,
685 1791 741 1859 καὶ
754 1790 803 1879 μὰ
817 1790 878 1872 τὰς
893 1789 1056 1881 κράμβας,

155 1912 327 1993 respiciens
348 1909 460 1973 Ananii
482 1903 537 1973 καὶ
557 1902 606 1990 μὰ
627 1902 685 1996 τὴν
706 1898 869 1996 κράμβην,
894 1910 978 1992 quod
993 1910 1144 1974 habemns
1160 1911 1244 1993 apud

160 2013 268 2079 Athen.
288 2016 340 2078 lx.
358 2032 390 2096 p.
411 2014 483 2077 370.
503 2017 536 2076 Β.

582 2466 693 2538 cAP.
710 2466 820 2537 XVI.

260 2624 319 2694 De
347 2622 536 2693 iambico
562 2629 826 2692 tetrametro
846 2618 1135 2691 catalectico.

243 2792 268 2873 ξ
293 2788 367 2857 lot.
405 2790 535 2854 Cornicis
557 2791 775 2854 usitatissimus
798 2798 846 2852 est
867 2797 1104 2851 tetrameter
1126 2797 1241 2852 cata-

155 2897 351 2975 lecticus,
378 2912 536 2957 caesuram
555 2894 674 2957 habens
689 2895 721 2956 in
737 2893 798 2955 fine
812 2892 901 2973 pedis
917 2894 1027 2973 quarti.
1062 2893 1238 2975 Hipponax:

246 2997 281 3070 εἴ
291 3025 351 3088 μοι
366 2999 494 3090 γένοιτο
509 2999 683 3088 παρθένος
696 2997 779 3089 καλή
794 3023 831 3067 ια
845 2998 904 3066 καὶ
917 2997 1056 3089 τέρεινα.

155 3119 221 3184 Sed
237 3139 305 3181 eam
321 3120 428 3180 comici
443 3137 535 3201 saepe
550 3117 718 3199 negligunt.
753 3119 870 3198 Tragici
893 3116 933 3179 ab
953 3116 1010 3179 hoc
1028 3124 1125 3178 metro
1140 3116 1242 3179 absti-

155 3232 305 3287 nuerunt.
339 3223 383 3283 Eo
407 3230 502 3284 metro
518 3229 592 3285 sunt
606 3237 716 3284 versus
732 3202 900 3301 'politici
923 3221 1127 3283 recentiorum
1142 3219 1242 3282 Grae-

156 3345 282 3406 corum,
312 3324 350 3388 do
377 3325 490 3407 quibus
517 3345 547 3387 v.
574 3324 759 3387 Baohmanni
781 3321 926 3386 Aneodot.
946 3324 981 3384 ΙΙ.
1000 3343 1032 3404 p.
1052 3326 1108 3402 08,
1137 3324 1185 3387 10.
1212 3332 1243 3385 et

156 3431 287 3509 Strnve,
311 3427 385 3491 iiber
404 3429 460 3492 deo
476 3427 652 3510 politisoiea
675 3429 748 3490 Vers
769 3426 824 3488 der
845 3425 1093 3508 Mittclpriecitert,
1117 3414 1242 3489 Hintesss
1321 3440 1324 3447 ·

158 3533 239 3595 heim
256 3532 348 3595 1828.

245 3733 369 3818 5168.
416 3739 496 3801 Rara
524 3738 636 3802 solutio
663 3743 723 3799 est·
739 3735 771 3797 ln
799 3734 879 3817 pede
909 3743 1027 3816 quarto.
1083 3732 1236 3834 Aristoph.
1369 3777 1372 3783 -

157 3843 286 3906 Thesm.
307 3840 379 3905 507.

246 3944 317 4016 ἀλλ’
340 3946 486 4018 ἐκποκιῶ
509 3969 569 4016 σου
594 3944 653 4027 τας
677 3942 838 4057 conatae·
864 3939 989 4013 ninere
1010 3943 1058 4030 μὰ
1080 3945 1151 4013 Δία
1171 3941 1240 4035 σύγ’

881 4045 976 4138 ιρι.
