2804 4912
234 263 274 324 68
637 281 693 324 mr.
714 282 746 324 u.
778 280 840 324 cir.
859 281 917 324 rur.

318 431 434 514 5203.
460 436 617 514 Frequens
633 445 681 497 est
695 436 787 496 etiam
807 443 1063 513 tetrameter,
1083 450 1245 494 caesuram
1269 433 1361 495 ha-

236 538 314 599 bens
329 539 361 599 in
377 539 437 599 line
454 536 582 600 secundi
597 537 695 619 pedis,
730 539 873 600 Simmias
888 557 938 619 ap.
958 536 1055 616 Heph.
1390 538 1392 549 '

318 660 423 741 μᾶτερ
447 645 474 720 ὦ
496 652 637 737 πότνια,
659 655 774 738 κλῦθι,
796 660 929 744 νυμφᾶν
952 649 1067 741 ἆβράν,

318 763 425 845 Δῶρι,
448 756 668 843 κομοκκύπιον
687 751 780 848 ἔρραν’
803 753 907 824 άλίων
928 761 1048 841 μαχᾶν.

234 881 316 944 Idem
333 884 476 946 Simmias
491 884 629 965 neglecta
645 902 790 946 caesura:

319 999 374 1066 σοὶ
395 998 456 1084 μὲν
478 993 640 1078 cilternae,
653 991 815 1080 οἷοίιαιλος,
839 994 1041 1086 ἐμχάςιιαλος

320 1102 425 1169 δῶκεν
449 1097 571 1188 αἰχμὰν
590 1097 759 1180 Ἐνυάλιος
779 1095 946 1168 α’)ὀκοιιον
961 1096 1057 1184 ἔχειν.

234 1227 318 1290 Idem
333 1238 423 1311 poeta
439 1231 593 1309 integrum
609 1246 732 1290 carmen
749 1227 823 1290 lusit
837 1227 944 1289 solutis
960 1225 1097 1288 arsibus:

321 1344 360 1415 σέ
373 1368 458 1413 ποτε
472 1342 558 1423 Διὸς
571 1339 635 1411 άνά
650 1342 790 1430 πύματα
804 1341 901 1433 νεαρὲ
915 1341 993 1432 κόρε
1008 1339 1216 1432 νεβροχίιων.

235 1466 295 1532 dlii
309 1470 465 1550 prioribus
481 1480 601 1534 tantum
617 1471 725 1533 solutis
740 1468 856 1551 pedum
872 1469 1008 1531 arsibus:

319 1586 505 1672 θομαλικάν
519 1581 587 1669 ἴθι,
602 1583 726 1677 μάκαρ,
742 1583 957 1677 φιλοφρόνως
973 1581 1022 1662 οἷς
1037 1580 1116 1672 ἔριν.

234 1710 377 1773 Diversus
398 1712 586 1775 solutionum
608 1711 722 1774 formas
737 1709 957 1792 Aristophanes
971 1709 1065 1771 habet
1080 1711 1112 1770 in
1128 1708 1250 1787 Georgis
1263 1705 1365 1786 aff·

235 1815 397 1896 Hephaest.

320 1930 355 1999 ἐν
377 1927 483 2022 ἀγορᾷ
499 1927 528 1998 δ’
545 1923 587 1998 αὖ
609 1929 780 1999 πλάτανοι
796 1921 832 1997 οὗ
848 1927 1123 2021 (λιαφοιιύοομιν.

321 2173 437 2258 9204.
465 2179 647 2239 Hexametro
663 2178 836 2240 catalectico
851 2194 928 2239 usus
943 2184 991 2238 est
1005 2175 1145 2255 Alcman,
1165 2175 1248 2238 unde
1261 2172 1354 2237 lif

236 2282 356 2342 emenio
370 2282 442 2343 huic
459 2283 562 2344 versui
578 2300 705 2344 nomen:

322 2392 506 2488 Ἀφροδίτα
527 2397 588 2482 μὲν
610 2392 671 2465 oda
694 2393 776 2480 ἔστι,
798 2393 926 2485 μάργος
947 2390 977 2462 δ’
999 2389 1122 2483 Ἔρως,
1148 2386 1207 2463 οἶα
1229 2398 1342 2477 παῖς,-

861 2495 1012 2582 παίσδει,

323 2598 396 2693 άκρ’
420 2600 473 2672 ἐπ’
496 2599 586 2694 άνθη
609 2599 793 2690 καβαίνων,
816 2595 838 2668 ά
860 2598 906 2691 μή
927 2625 988 2685 μοι
1010 2598 1111 2694 θίγῃς
1130 2607 1181 2691 τῷ
1203 2626 1324 2671 nonus·
1386 2674 1392 2689 ,

898 2700 1012 2793 ριόκιμ.
1246 2709 1253 2714 ’
1383 2704 1392 2753 3

322 2954 346 3035 5
361 2950 438 3018 205.
465 2955 668 3015 Inveniuntur
682 2954 774 3015 etiam
784 2953 894 3015 Cretici
911 2952 951 3013 ab
966 2952 1109 3012 enacrusi
1124 2951 1258 3014 iambica
1273 2955 1322 3014 in-

237 3059 401 3139 cipientes:
420 3056 575 3137 Aristoph.
596 3059 626 3143 in
642 3059 717 3118 Pace
732 3076 763 3118 v.
786 3056 877 3116 liti.

365 3170 492 3263 ἥδομαί
513 3168 552 3262 μ’,
570 3171 697 3263 ἥδομαι

323 3276 464 3361 κράνους
489 3271 751 3365 ἀπηλλαγμένος,

322 3386 424 3468 τοροῦ
445 3405 481 3445 re
502 3379 560 3446 καὶ
582 3377 775 3467 κρομμύων·

323 3479 362 3550 οά
385 3482 446 3572 γάρ
470 3483 602 3574 φιληδῶ
621 3481 756 3567 μάχαις.

237 3608 312 3672 Vide
328 3607 367 3669 de
382 3608 440 3670 hoe
455 3627 548 3670 versu
564 3610 655 3670 etiam
670 3608 749 3670 inim
765 3606 801 3691 §§
818 3611 890 3671 ult.
911 3609 982 3672 270.

323 3848 440 3932 5206.
465 3849 577 3914 Multus
599 3860 647 3912 est
661 3850 851 3914 Creticorum
873 3870 950 3914 usus
972 3848 1057 3933 apud
1071 3853 1201 3932 tragicos
1220 3865 1254 3919 et
1268 3876 1330 3920 co-
1387 3846 1392 3891 ¹

238 3956 334 4017 micos
343 3957 559 4035 Romanorum,
575 3957 629 4035 qui
640 3954 748 4017 eadem
764 3955 924 4036 prosodiae
935 3956 1057 4017 licentia
1068 3950 1130 4036 qua
1145 3947 1178 4018 in
1194 3959 1329 4040 reliquis
1389 3978 1392 4015 ι

240 4060 345 4121 metris
361 4066 500 4120 utuntur.
534 4057 620 4121 Vnde
637 4058 735 4120 sicubi
751 4060 912 4121 Molossum
929 4078 985 4139 pro
1000 4061 1119 4123 Cretico
1134 4072 1268 4142 ponunt,
1287 4062 1329 4125 de
1389 4088 1392 4101 ·

239 4182 298 4242 qua
323 4182 355 4223 re
383 4161 460 4223 dixit
482 4164 637 4224 Bentleius
667 4163 707 4224 ad
728 4164 789 4225 Cic.
816 4164 852 4234 Q.
880 4165 969 4224 Tusc.
995 4164 1041 4223 lll.
1064 4166 1113 4225 te.
1144 4173 1176 4225 et
1198 4166 1326 4227 Terent.
