2804 4912
250 289 288 367 ta
638 285 641 289 ’
661 308 719 365 ιν,
738 309 758 363 t·
789 309 850 371 nr·
870 308 909 363 n·

332 456 424 541 561.
464 461 596 522 (laesura
625 459 835 522 mutabilis
862 470 925 539 εει,
955 460 1010 520 ubi
1037 458 1159 521 ordines
1182 478 1243 519 non
1268 478 1334 520 uno

247 562 336 624 modo
360 561 490 624 describi
509 572 654 642 possunt,
680 564 769 639 utin
791 563 968 639 hexametro
984 563 1119 641 heroico,
1147 573 1178 624 et
1193 564 1334 622 trimetro

246 666 393 744 iambico;
420 666 703 745 immutabilis,
731 665 786 727 ubi
804 685 864 727 non
881 669 940 727 nisi
955 685 1016 727 una
1033 667 1108 726 ratio
1124 675 1171 726 est
1185 665 1333 726 ordinum

247 768 545 849 distinguendorum,
565 778 601 830 ut
614 771 646 830 in
661 777 852 848 pentametro
868 769 1007 849 elegiaco.

332 955 424 1041 §62
467 960 598 1035 (laesura
629 956 789 1029 adscita
820 968 884 1038 est,
918 978 998 1039 quae
1024 977 1138 1031 nevum
1165 956 1337 1031 introducit

248 1081 430 1140 numerum,
458 1060 513 1122 sed
535 1081 606 1130 eum
627 1061 735 1140 talem,
765 1063 819 1142 qui
841 1082 911 1122 cum
926 1062 1048 1142 proprio
1069 1079 1178 1137 versus
1201 1079 1336 1129 numero

248 1166 398 1239 conciliari
419 1165 530 1244 possit,
559 1174 595 1239 ut
614 1166 645 1224 in
668 1183 761 1226 versu
784 1146 934 1243 heroico,
949 1184 1046 1244 quum
1066 1165 1173 1239 ultima
1196 1163 1331 1243 syllaba,

251 1287 330 1348 quae
346 1269 440 1337 thesis
457 1276 513 1346 est,
536 1286 592 1348 per
607 1286 712 1341 vocem
727 1268 980 1348 monosyllabum,
1004 1287 1134 1347 eamque
1150 1268 1180 1341 yi
1196 1265 1338 1346 quadam¹

247 1370 428 1451 praeditam,
447 1370 477 1429 in
495 1371 576 1442 arsin¹
595 1380 746 1441 mutatur:
842 1353 846 1357 ¹
1083 1453 1086 1458 ι

333 1473 432 1555 γαῖαν
447 1464 533 1552 ὁμοῦ
547 1467 605 1534 καὶ
620 1466 756 1535 πόντον·
782 1463 900 1557 ὀρώρει
916 1466 945 1535 d'
963 1463 1146 1558 οὐρανόθεν
1160 1467 1226 1557 νύξ.

248 1579 287 1637 Ει
302 1579 333 1636 in
349 1575 477 1636 iambico
493 1577 646 1636 trimetro:

333 1679 430 1724 v-'u-
443 1675 447 1761 γ
460 1672 536 1722 &Lo
547 1675 554 1771 Ι
565 1673 614 1724 ,ίῦ
626 1677 632 1765 ¹
645 1678 715 1724 Lu.

335 1767 408 1853 οἷόν
421 1775 458 1845 ιε’
471 1800 532 1861 μοι
547 1772 637 1865 εόςό
654 1774 737 1857 ἐστι’·
761 1781 900 1867 θγηιοῖς
914 1776 975 1879 γὰρ
991 1777 1079 1877 γέρα.

334 1967 426 2052 §lib
460 1969 553 2032 Aliud
568 1990 664 2050 genus
680 1971 816 2034 adscitae
831 1991 976 2045 caesurae
991 1970 1069 2032 illud
1084 1981 1146 2051 cst,
1172 1989 1233 2051 quo
1249 1973 1337 2045 inci-

250 2076 334 2136 sione
357 2074 406 2136 vel
429 2074 532 2153 paullo
554 2084 625 2136 ante
648 2075 740 2135 finem
763 2093 888 2154 versuS,
918 2076 967 2135 vel
994 2074 1098 2155 paullo
1120 2083 1189 2155 post
1210 2076 1335 2145 initium

250 2179 408 2257 sequentis
424 2196 534 2238 versus
557 2171 652 2257 lacta,
679 2197 763 2239 nunc
784 2180 892 2256 prioris
907 2162 1015 2239 versus
1039 2179 1156 2257 reliqua
1172 2197 1244 2258 pars
1260 2198 1334 2239 cum

250 2290 399 2371 sequente
415 2300 518 2359 versu,
534 2299 618 2341 nunc
632 2282 731 2361 prima
746 2300 818 2362 pars
834 2282 1008 2361 posterioris
1023 2299 1133 2355 versus
1149 2301 1219 2353 cum
1234 2300 1335 2371 prae-

249 2383 377 2458 cedente
399 2402 494 2445 versu
515 2385 725 2463 continuatur,
751 2395 787 2446 ut
808 2386 839 2444 in
863 2383 992 2445 iambico
1014 2385 1150 2445 trimetro
1169 2383 1254 2463 apud
1270 2386 1336 2446 So-

248 2487 388 2567 phoclem
404 2486 480 2548 Oed.
500 2488 536 2546 R.
556 2487 606 2547 29.

335 2579 392 2675 ὕφ’
410 2574 450 2650 οὗ
463 2589 618 2650 κενοῠται
632 2584 729 2669 δεῖμα
744 2586 928 2670 Καδμεῖον,
947 2587 951 2673 l
966 2583 1071 2669 μέλας
1086 2581 1115 2652 δ’

335 2685 450 2776 Ἅιδης
464 2691 660 2775 στεναγμοῖς
673 2687 731 2766 καὶ
745 2683 838 2779 γόοις
851 2676 1075 2772 πλουεῖζεεαι.

250 2806 280 2857 ει
296 2798 328 2856 in
343 2795 420 2857 Oed.
440 2795 502 2857 Col.
525 2796 616 2856 tltl.

336 2893 392 2959 σοὶ
407 2892 511 2984 φαοὶν
526 2888 626 2959 αὐτὸν
642 2893 676 2972 ἐς
690 2891 808 2983 λόγους
823 2892 937 2973 ἐλθεῖν
951 2889 1083 2980 μολόνέ

337 2993 455 3078 αἰτεῖν,
474 3000 477 3083 Ι
496 2991 661 3063 ἀπελθεῖν
675 2992 702 3064 τ’
721 2992 882 3088 ἀσφαλῶς
897 3005 955 3088 τῆς
969 2993 1057 3086 δεῦρ’
1073 2994 1165 3066 ὁδοῦ.

336 3188 430 3272 §64
461 3192 530 3251 Non
552 3201 632 3252 recte
647 3192 772 3270 quidam
789 3210 948 3254 caesuram
962 3201 1073 3253 vocant
1087 3193 1336 3254 terminationem

250 3293 390 3355 vocabuli
413 3296 445 3354 in
469 3294 568 3355 medio
590 3295 670 3375 pede
693 3296 886 3375 maximeque
909 3298 940 3356 in
964 3298 1033 3357 arsi.
1070 3298 1109 3359 tn
1134 3314 1231 3374 quum
1258 3316 1337 3359 cae-

252 3416 342 3457 surae
358 3398 388 3458 vi
410 3396 520 3459 breves
536 3397 671 3476 syllabas
687 3398 815 3479 produci
830 3401 933 3479 aiunt,
960 3399 1044 3479 quod
1065 3400 1157 3478 quale
1173 3400 1226 3478 sit,
1253 3401 1335 3462 infra

252 3499 380 3561 dicetur.

638 3623 944 3633 -—-——-—-—-.-

687 3783 798 3853 cAP.
816 3785 889 3854 11.

547 3918 605 3988 De
632 3920 804 4010 syllaba
831 3918 1029 4012 ancipiti.

337 4065 434 4151 565.
472 4070 597 4149 Syllaba
620 4090 768 4151 anceps
791 4072 855 4132 sive
877 4061 1067 4157 ἀδιάφορος
1089 4091 1124 4139 ea
1148 4081 1212 4152 est,
1243 4075 1336 4146 cuius

253 4191 394 4234 mensura
412 4174 486 4233 nihil
503 4174 593 4234 relert
611 4184 713 4234 utrum
739 4175 826 4252 longa
843 4176 883 4234 sit
904 4194 943 4234 an
966 4175 1078 4235 brevis.
1112 4173 1261 4254 Apertum
1285 4188 1336 4245 est
