2804 4912
582 345 618 387 ns
635 345 731 385 norro
751 344 921 387 evremaro.
1218 325 1277 387 183

155 498 207 559 Et
225 495 350 558 ibidem
367 498 420 576 qui
435 492 633 571 Μεταλλεῖς
646 498 786 577 scripsit:
806 518 835 556 v.
856 497 982 558 hleinch.
1004 499 1037 557 ll.
1066 501 1088 558 l.
1110 516 1139 576 p.
1161 498 1232 558 305.

264 598 325 669 ὑπ’
348 598 600 690 ἀναδενδράδων
619 600 756 682 ἁπαλὰς
778 600 1005 680 ἀσπαλάθους
1027 609 1144 669 πατῶν
1165 628 1225 682 τιςΥ

265 705 301 773 δν
322 707 460 790 λειμῶνι
482 703 678 795 λωτοφόρῳ,
702 704 859 796 κύπειρόν
880 731 916 773 τε
939 703 1103 794 δροσώδη,

266 805 489 897 κάνθρύσκου,
504 810 664 894 μαλακῶν
685 804 713 876 τ’
736 805 797 876 ἴων
821 806 975 895 λείμακα,
993 809 1051 874 καὶ
1074 807 1269 898 τριφύλλου.

266 1001 388 1084 5501.
430 1006 563 1065 (laesura
588 1004 703 1084 ubique
727 1003 888 1084 diligenter
910 1004 1103 1065 observatur.
1141 1005 1173 1064 ln
1201 1003 1268 1065 basi

164 1128 240 1169 non
264 1115 339 1188 puto
360 1106 571 1186 pyrrhichium
595 1126 743 1186 umquam
767 1115 950 1186 usurpatum
977 1126 1060 1168 csse:
1097 1129 1124 1172 v.
1152 1109 1169 1193 ξ
1194 1113 1265 1172 50¹2.

167 1211 384 1273 Tribrachnrn
406 1229 486 1290 quae
507 1211 594 1271 attuli
618 1212 758 1290 cnenrpla
783 1219 917 1272 tuentur.
953 1211 1097 1290 Dactylus
1115 1214 1270 1276 invenitur

169 1317 209 1375 in
229 1314 385 1393 versibus,
405 1332 483 1394 quos
498 1314 586 1375 aliert
601 1314 779 1375 scholiastes
795 1314 943 1375 Theocriti
962 1314 991 1374 in
1008 1315 1244 1395 prolegomenis:

272 1419 365 1502 δέξαι
387 1419 448 1487 τὰν
469 1417 604 1508 ἀγαθὰν
626 1417 736 1504 τύχαν,
760 1418 854 1501 δέξαι
876 1418 936 1486 τάν
959 1418 1098 1508 ὑγίειαν,

269 1519 291 1590 ἃ
315 1529 459 1613 φέρομεν
481 1522 575 1611 παρὰ
596 1528 658 1601 τᾶς
679 1527 776 1601 θεοῦ,
806 1518 1034 1610 κοῖχαρίσσατο
1056 1524 1147 1615 τήνα.

172 1642 270 1703 Posui
287 1640 370 1720 quod
386 1651 417 1701 et
432 1649 528 1702 metro
549 1649 580 1701 et
598 1641 767 1702 sententiae
788 1642 975 1702 conveniret.
1009 1642 1210 1705 scribebatur
1229 1634 1270 1706 ὃν

174 1740 327 1831 φέρομεν
348 1737 442 1828 παρὰ
464 1744 524 1827 τῆς
545 1742 642 1821 θεοῦ,
665 1732 707 1804 tlv
728 1736 930 1805 ἐκαλέσσατο
953 1736 1042 1828 τήνα.

267 1929 383 2012 §502
411 1931 540 1996 Videtur
555 1933 611 1994 hoc
627 1942 759 1994 metrum
777 1941 987 2014 asynartetum
1006 1932 1110 1996 luisse.
1138 1935 1223 1997 Vnde
1239 1947 1271 1998 et

176 2040 285 2099 hiatus
308 2038 338 2097 in
361 2037 503 2118 exemplo
525 2036 576 2097 illo
599 2035 682 2116 apud
703 2036 898 2099 scholiastam
915 2037 1078 2117 Theocriti,
1104 2048 1135 2100 et
1150 2039 1269 2116 syllaba

176 2159 295 2220 anceps
311 2139 395 2219 apud
410 2139 565 2203 Catullum
583 2141 661 2201 ΧΙΧ.
684 2143 712 2200 l.

268 2253 387 2313 notrici
401 2252 498 2332 macir
514 2259 542 2313 et
556 2253 664 2333 mapis,
683 2260 716 2313 ut
732 2251 820 2313 beato
836 2255 1007 2333 μιοισιικιε,

178 2374 211 2426 et
223 2373 430 2425 commentum
447 2363 724 2443 grammaticorum,
741 2363 918 2425 hexametro
934 2364 1054 2425 heroico
1069 2384 1181 2425 nomon
1195 2385 1271 2425 ver-

179 2486 238 2530 sus
252 2466 370 2547 Priapei
392 2466 611 2545 tribuentium,
638 2467 664 2526 si
687 2467 712 2526 is
734 2467 774 2526 ita
798 2465 1004 2528 conformatus
1027 2477 1090 2548 est,
1116 2477 1152 2530 ut
1174 2478 1271 2529 metro

180 2573 242 2632 isto
257 2569 314 2649 legi
330 2571 436 2648 possit,
456 2577 500 2647 ut,

270 2683 440 2774 Κουρῆτές
460 2679 488 2750 τ’
511 2682 672 2769 ἐμάχοντο
694 2682 752 2749 καὶ
773 2681 929 2750 Αἰτωλοὶ
951 2682 1166 2770 μενεχάρμαι.

271 2803 322 2863 cui
334 2819 393 2862 νιοκι
408 2800 505 2863 dictus
521 2801 617 2882 Hylas
628 2819 718 2882 puer,
737 2809 766 2862 et
782 2800 909 2862 Latonia
926 2801 1022 2862 Delos

270 2913 324 2967 aut
337 2901 462 2966 Ararim
480 2904 610 2965 Parthus
626 2903 712 2980 tibet,
736 2911 789 2964 out
807 2903 971 2963 Germanic
989 2903 1112 2983 Tiprim.

181 3024 366 3087 Huiusmodi
382 3034 429 3085 est
444 3043 553 3086 versus
565 3024 681 3086 Cratini
695 3022 780 3104 apud
792 3019 982 3083 Athenaeum
1000 3023 1075 3084 Xlll.
1092 3041 1122 3103 p.
1141 3026 1213 3084 566.
1230 3024 1266 3084 Ε.

271 3129 367 3198 ταυτὶ
388 3130 445 3197 καὶ
467 3133 593 3220 τολμᾷς
615 3128 653 3196 σὺ
677 3127 782 3219 λέγειν
806 3125 1051 3218 ῥοδοδάκτυλος
1073 3120 1167 3197 οὖσα.

180 3250 258 3328 Qui,
285 3250 311 3309 si
335 3249 420 3309 locus
436 3257 518 3309 cssot
537 3246 711 3328 pyrrhichio
727 3248 757 3306 in
779 3246 861 3324 basi,
890 3245 986 3307 videri
1008 3256 1112 3326 posset
1127 3248 1271 3327 Priapeus

180 3372 263 3415 csso.
297 3351 358 3413 Sed
381 3360 461 3411 rcctc
477 3371 548 3412 curn
566 3369 620 3429 pro
635 3350 756 3411 heroico
772 3349 882 3410 habuit
897 3349 1054 3410 llohraous
1071 3350 1102 3409 in
1118 3348 1271 3412 addendis

180 3455 223 3519 ad
240 3452 393 3535 Aristoph.
415 3454 491 3515 Plut.
513 3454 584 3514 555.
617 3454 651 3514 V.
671 3454 855 3514 hlainehiurn
872 3454 906 3513 ll.
929 3455 956 3513 l.
976 3473 1007 3533 p.
1030 3453 1101 3514 l8l.

586 3642 883 3650 .—-——-————---

629 3786 738 3854 cAP.
759 3787 826 3854 IV.

472 3938 528 4007 lle
556 3947 693 4007 metro
721 3935 978 4029 Eupolideo.

272 4106 387 4191 §503
420 4110 533 4170 Versus
549 4105 747 4186 Eupolide
758 4124 817 4184 ua,
837 4107 1023 4166 comicorum
1040 4108 1192 4187 proprius,
1211 4126 1273 4167 non

182 4224 268 4278 recte
291 4233 309 4274 a
332 4211 465 4275 metricis
487 4211 518 4270 in
540 4209 817 4290 polyschematistis
839 4219 1029 4272 numeratur.
1069 4211 1195 4299 Constat
1216 4209 1273 4271 hoo
1363 4248 1367 4257 -
