2804 4912
501 330 538 372 llll
550 324 682 371 lefllfl
693 326 909 370 cacuminis·

557 587 672 658 cAP.
690 587 855 658 XXXV.

385 760 444 831 Dc
470 757 673 835 versibus
701 750 1031 827 choriambicis.

249 943 359 1029 9402.
370 946 506 1009 Tertium
513 964 610 1026 genus
617 960 816 1008 numerorum
825 942 1046 1022 dactylioorum
1058 943 1247 1006 choriam-

152 1050 243 1112 bici
265 1058 356 1131 sunt,
375 1050 430 1132 qui
443 1049 627 1131 plerumque
642 1056 674 1110 et
687 1045 890 1110 solutionibus
906 1055 1027 1126 carent,
1046 1064 1104 1109 nec
1118 1048 1177 1109 nisi
1192 1067 1248 1110 ra-

154 1153 294 1233 rissime,
313 1161 345 1216 et
354 1151 440 1235 apud
453 1152 534 1214 solos
548 1152 684 1214 scenicos
698 1159 814 1233 poetas,
829 1150 993 1212 Molossum
1004 1168 1061 1232 pro
1071 1151 1246 1214 choriambo

156 1253 341 1319 admittunt.
366 1255 519 1330 Quoniam
534 1264 637 1319 autem
649 1253 944 1317 vehementissimus
956 1253 1005 1315 bio
1020 1273 1172 1317 numerus
1185 1263 1242 1335 est,

157 1358 254 1439 lyrici
266 1358 388 1423 medae
399 1360 507 1422 aetatis
522 1365 554 1422 et
570 1359 677 1421 comici
697 1360 725 1421 ei
740 1375 832 1438 saepe
854 1356 1049 1421 substituunt
1063 1358 1174 1438 alium,
1198 1359 1247 1422 si-

160 1461 268 1523 milem
288 1463 429 1542 incessu,
455 1460 512 1525 sed
533 1462 694 1542 leniorem,
721 1444 867 1523 mensurd
889 1469 992 1523 autem
1014 1480 1138 1540 parem:
1170 1463 1191 1523 i.
1214 1483 1242 1524 e.

161 1565 318 1631 Creticum
328 1584 400 1628 cum
410 1565 551 1629 anacrusi
564 1564 707 1645 iambica,
720 1566 786 1629 sive
797 1565 896 1627 mavis
909 1562 1066 1645 dipodiam
1081 1565 1246 1633 iambicam

163 1687 282 1731 vocare.
321 1669 385 1732 Sed
406 1671 439 1730 in
460 1668 518 1730 hac
532 1669 637 1732 comici
651 1669 723 1749 plus
738 1667 798 1731 sibi
820 1667 961 1729 licentiae
984 1667 1158 1748 indulgent,
1183 1687 1246 1730 non
1312 1672 1313 1677 ’

162 1769 255 1835 modo
270 1771 417 1836 solvenda
432 1772 531 1852 prima
545 1773 628 1852 arsi,
649 1770 706 1837 sed
727 1771 819 1833 etiam
842 1772 874 1832 in
889 1773 1032 1834 anacrusi
1047 1771 1169 1853 longam
1182 1770 1245 1835 ad-

162 1873 322 1956 mittendo,
342 1876 400 1938 hac
414 1875 529 1939 forma:

249 2008 274 2040 υ
297 1993 322 2041 .’.
332 2010 380 2044 υ.

293 2129 345 2162 W

161 2236 318 2318 moyllaba
333 2237 492 2301 anaomsis
507 2236 607 2299 sicubi
621 2236 787 2316 invenitur,
809 2237 838 2298 si
851 2254 977 2297 carmen
990 2237 1245 2318 antimopldcum

159 2349 218 2421 est,
234 2338 907 2420 debatedminversuquirespondetessc.
932 2336 1240 2422 Quareindeistopb.

158 2446 232 2525 Lys.
252 2446 325 2506 345.
344 2462 406 2504 non
421 2442 569 2506 mutanda
584 2443 734 2505 librorum
748 2444 917 2527 scriptura:

248 2559 420 2642 πολιοῦχε,
443 2555 506 2637 σὰς
528 2555 625 2644 ἔσχον
647 2555 755 2646 ἕδρας.

160 2681 286 2749 Excidit
299 2684 344 2745 ibi
360 2686 413 2764 qui
429 2682 637 2766 respondebat
650 2700 762 2751 versus
777 2683 961 2765 strophious.

247 2902 363 2986 5403.
390 2905 594 2970 Gatalexis
608 2907 771 2989 multiplex
785 2915 841 2969 est.
866 2909 990 2970 Petram
1006 2909 1072 2988 ipse
1087 2909 1244 2971 choriam-

159 3011 223 3074 bus
239 3009 312 3072 lacit
323 3011 505 3073 clausulam.
531 3006 733 3075 Vsitatissima
748 3019 796 3071 est
810 3010 984 3092 logaoedica
998 3011 1153 3093 catalexis,
1173 3011 1245 3075 dein

161 3133 241 3197 quae
257 3114 292 3175 fit
311 3115 343 3175 in
359 3113 438 3177 duos
452 3114 605 3195 dactylos3
632 3115 743 3194 rarior,
768 3131 848 3194 quae
868 3116 903 3177 fit
917 3115 1049 3194 Cretico3
1074 3117 1241 3198 caussima,

160 3236 241 3300 quae
257 3218 407 3279 trochaeo.
441 3215 614 3298 Aliquando
637 3220 729 3281 etiam
751 3218 987 3300 hypercatalecti
1001 3229 1089 3302 sunt,
1114 3229 1169 3283 aut
1190 3219 1245 3284 di-

158 3321 304 3385 trochaeo
318 3321 532 3386 terminantur.

246 3439 418 3489 Leo-w

248 3537 396 3591 Lumo

247 3645 344 3693 Lw.
357 3643 361 3730 l
375 3644 447 3694 Lo.

247 3748 346 3796 Lw.
360 3746 365 3833 l
378 3744 428 3794 :0

246 3845 370 3901 Luta-U

247 3954 344 4004 Lw.
356 3953 361 4041 Ι
373 3951 470 4004 Lus-U
