2804 4912
168 305 229 366 132
546 322 602 366 cm:
622 325 654 366 u.
688 325 750 367 um.
769 325 871 368 ωηο.

296 477 393 555 dicei,
413 476 506 540 tobei
518 485 665 556 scortum,
683 480 787 559 potavi
796 526 803 556 ,
823 478 906 554 dedi,
927 477 1059 540 donavi:
1087 478 1213 540 atenim
1226 477 1253 539 it

1079 583 1170 643 roro.

251 703 302 764 epo
325 683 400 746 dare
422 702 468 745 mc
491 683 595 756 ludum
614 687 678 746 meo
698 685 943 766 puoto-institui
964 691 1056 766 atque
1077 684 1182 746 onemo
1202 701 1250 745 sta

973 786 1166 869 obsequium.

294 909 422 974 aequum
439 893 501 954 isse
514 899 602 972 poto:
621 891 673 954 sed
686 891 774 953 nimis
792 892 859 954 oola
875 890 1018 953 desidiae.
1036 909 1122 953 nunc
1129 890 1249 952 Moesi-

1030 992 1165 1069 lechum,

250 1097 328 1178 quod
350 1099 513 1177 mundavi,
537 1100 617 1177 viso,
641 1096 746 1180 ecquid
767 1116 833 1159 οονη
857 1098 898 1160 od
917 1097 1058 1161 virtatem
1080 1114 1179 1179 opero
1197 1114 1264 1185 mog

971 1198 1163 1282 ciomulcrit,
1262 1208 1264 1215 '

293 1303 380 1377 sicot,
398 1305 426 1366 si
440 1305 585 1382 convenit,
603 1305 664 1366 ocio
678 1304 803 1386 seriem:
820 1305 881 1366 alst
894 1305 1010 1385 νὀρνοιό
1025 1307 1134 1366 notas.
1254 1354 1257 1361 .

542 1757 653 1828 cAP.
670 1758 861 1828 XXXIII.

433 1927 484 1997 lle
511 1928 770 2021 anapaestis
797 1927 967 2020 cycliis

243 2093 358 2178 §393
391 2096 603 2178 Anapaesti
626 2099 747 2176 cyclii
772 2106 937 2176 vocantur,
961 2105 997 2158 ut
1015 2094 1033 2179 §
1052 2097 1128 2158 359.
1159 2094 1230 2159 indi-

157 2209 274 2280 catum,
300 2203 353 2280 qui
376 2201 459 2263 arsin
479 2201 684 2263 irrationalem
708 2201 832 2262 habent.
873 2201 958 2281 lique
979 2218 1036 2261 neo
1059 2198 1228 2263 solutione·

157 2303 339 2382 admittunt,
364 2305 423 2364 nisi
443 2305 519 2365 lorte
541 2306 573 2364 in
599 2305 722 2366 nomine
745 2305 885 2385 proprio,
909 2322 967 2364 nec
990 2302 1128 2383 dipodiis
1155 2306 1226 2366 inot-

159 2405 247 2488 dunt,
271 2426 369 2488 eoque
389 2408 480 2469 etiam
501 2427 628 2470 caesura
650 2416 764 2471 carent.
798 2408 890 2469 Multa
907 2406 1016 2469 horum
1031 2416 1066 2468 et
1079 2409 1170 2469 varia
1184 2424 1221 2487 p·

157 2528 230 2572 nera
246 2520 328 2574 sunt.

240 2750 353 2835 5394.
373 2750 801 2817 Refemmturhucametriois
810 2751 952 2832 dactylici
963 2751 1093 2832 quidam
1105 2750 1224 2831 numeri,

156 2858 209 2937 qui
225 2858 387 2919 anacrusin
403 2855 519 2919 habent
532 2857 715 2936 iambicam,
741 2875 838 2936 eoque
853 2857 975 2937 proprie
991 2875 1054 2916 non
1070 2868 1149 2921 sunt
1162 2874 1227 2921 οοο·

153 2961 261 3042 paesti.
286 2962 325 3023 Vt
339 2961 396 3021 hoo
412 2969 544 3023 metrum
560 2959 747 3023 Archilochi:

237 3071 453 3166 Ἐραομονίὀη
476 3073 638 3165 Χαρίλαν.

238 3175 392 3270 Δήμητρί
412 3204 448 3246 οε
469 3183 583 3272 χεῖρας
604 3174 763 3263 ἀνασχών.

153 3307 186 3365 ln
203 3325 264 3385 quo
275 3323 369 3368 versu
384 3306 410 3367 si
426 3316 626 3388 anapaestum
643 3306 672 3366 in
685 3305 834 3387 principio
845 3305 985 3385 posuisse
1000 3324 1246 3394 nonnumquam,

152 3408 276 3472 videtur
290 3406 501 3490 Archilochus,
521 3411 686 3472 contractio
701 3410 804 3488 potius
819 3408 975 3472 facienda:

237 3524 329 3613 ἐρέω,
352 3523 438 3591 πολὺ
463 3519 604 3616 φίλταθ’
628 3520 778 3613 ἑταίρων.

237 3627 377 3720 φιλέειν,
402 3626 538 3717 στυγνόν
559 3653 622 3719 περ
646 3627 754 3696 ἐόντα.

151 3755 239 3816 Hunc
254 3760 379 3817 versum
394 3763 426 3817 et
440 3755 534 3817 alium
550 3774 611 3818 una
626 3753 746 3835 syllaba
758 3754 930 3816 breviorem
945 3755 1052 3835 posuit
1064 3755 1232 3844 Aeschylos
1260 3802 1264 3833 ,-

150 3860 181 3919 in
198 3860 280 3940 Sept.
300 3857 341 3920 ad
356 3859 452 3921 Theb.
473 3858 545 3921 757.
1262 3852 1264 3857 ’

236 3970 383 4063 ἐγείνατο
405 3974 462 4058 μὲν
483 3972 587 4064 μόρον
609 3970 702 4062 αὑτῷ

235 4074 459 4166 πατροκτόνον
483 4074 682 4147 Οἰδιπόδαν.
