2804 4912
272 296 310 335 ns
327 274 515 335 srnornrnrir
533 294 564 336 ir
580 294 695 335 usuum
709 294 757 334 sur
774 292 1007 360 orsrnrrrrronr.
1122 270 1184 333 233

145 451 182 510 in
199 448 390 526 antistropha
406 469 436 507 v.
458 449 529 508 690.

183 555 316 644 ὦ”ναξ,
345 555 443 630 εἶπον
463 561 523 687 pah
546 558 722 646 οόχ-όπαξ
741 560 853 646 μόνον,

179 662 261 733 ι’σθι
282 664 320 733 δὲ
341 662 629 754 παραφρόνιμον,-
639 658 770 753 ἄπορον
787 663 844 732 ἐπὶ
868 664 1016 756 φρόνιμα

409 763 419 790 )
447 762 466 788 ὶΙ
539 764 557 790 )Ι

183 766 410 859 πεφόνθαιμ
443 793 494 850 αν,
522 793 585 835 ει-
568 792 638 834 -οε
662 764 873 858 νοσφόζομαι.

130 916 210 960 rrum
226 898 362 976 primum
380 893 553 956 membrum
571 895 734 955 iambicum
755 895 1038 974 ischiorrhogicum,
1065 913 1184 956 secun-

130 1021 172 1063 rm
202 1006 425 1059 monomctrum
453 996 638 1075 iambicum,
671 997 789 1078 roliqua
815 996 991 1058 dochniiaca
1018 1006 1100 1060 sunt.
1145 995 1185 1060 ht

130 1125 192 1167 rum
224 1103 343 1183 primus
369 1119 479 1162 versus
502 1110 533 1161 et
558 1101 589 1160 in
613 1101 736 1180 stropha
768 1111 799 1162 et
824 1103 854 1161 in
881 1101 1070 1181 antistropha
1097 1101 1184 1162 hrovi

131 1207 216 1269 llaha
245 1207 442 1282 terminetur,
477 1205 537 1264 iarn
564 1205 621 1265 hoc
647 1203 758 1266 indicio
789 1205 887 1285 colligi
913 1214 1030 1285 potest,
1060 1224 1122 1266 non
1149 1225 1183 1267 ea

153 1309 273 1390 syllaba
297 1307 467 1370 finiendum
497 1325 565 1368 esse
593 1327 773 1387 numerum,
807 1308 864 1369 sed
893 1309 1022 1370 ulterius
1057 1307 1185 1390 produci

130 1415 221 1475 thero.
256 1409 374 1472 Deinde
397 1418 433 1470 ut
455 1411 709 1491 antistrophioum
732 1430 854 1473 versum
877 1412 1081 1493 interpunctio
1102 1432 1138 1474 eo
1153 1413 1184 1473 in

130 1538 160 1579 ro
177 1516 257 1576 liniri
274 1516 427 1593 patiatur,
454 1523 486 1574 at
501 1516 531 1574 in
548 1515 707 1594 strophiois
722 1515 816 1576 verba
832 1534 925 1575 unam
941 1517 1096 1577 notionem
1113 1516 1186 1576 elli-

130 1621 222 1697 rntia‚
254 1611 338 1679 θεὸν
366 1609 498 1700 πρόμον
520 1606 651 1695 Ἅλιον,
676 1617 754 1679 male
777 1617 1005 1680 divellerentur.
1047 1619 1094 1682 Ex
1124 1639 1184 1699 quo

130 1732 239 1804 paret,
265 1741 374 1783 vorsus
397 1739 503 1782 omnes
531 1741 592 1783 uno
613 1732 780 1802 systemate
802 1723 980 1799 cohaerere,
1015 1731 1046 1784 et
1069 1724 1185 1785 iamhi-

130 1848 166 1890 rm
184 1826 453 1905 ischiorrhogicum
470 1826 611 1905 excipere
624 1824 815 1888 dochmiacos
831 1845 893 1888 uno
908 1825 1045 1888 admixto
1054 1827 1180 1888 Cretico.

130 1953 157 1992 m
181 1931 356 2011 quaeritur,
384 1927 438 1989 uhi
454 1929 592 1989 Crolirns
615 1929 664 1989 illo
689 1929 923 1992 constituendus
945 1932 1000 1991 sit:
1028 1938 1131 2014 utrum
1153 1932 1185 1991 in

130 2037 181 2097 itio
197 2031 326 2095 secundi
342 2050 469 2092 versus:
539 2110 541 2114 Ι

184 2145 222 2216 od
248 2146 305 2214 τὸν
326 2145 459 2214 πάντων
479 2147 684 2215 θεῶν-θοὸν
703 2147 835 2236 πρόμον
850 2148 980 2216 Ἅλιον·

184 2252 260 2321 ἐπεὶ
283 2245 400 2330 ἄθεος,
419 2291 430 2301 -
448 2242 583 2338 όφιλος,
609 2247 629 2316 ό
650 2276 683 2317 τι
706 2250 876 2336 πόματον·

142 2383 173 2442 in
190 2379 398 2458 antistropha:

184 2486 314 2574 ὦ”ναξ,
338 2485 436 2558 εἶπον
455 2490 515 2575 μὲν
539 2487 712 2575 οὐχ-ἅπαξ
732 2492 845 2577 μόνον,
868 2491 944 2562 ἴσθι
965 2496 1002 2563 δὲ

184 2592 452 2686 παραφρόνιμον,
475 2638 489 2644 -
512 2588 643 2682 ἄπορον
669 2594 728 2662 ἐπὶ
750 2595 916 2687 φρόνιμα·

130 2746 137 2784 ι
153 2726 185 2784 in
201 2723 348 2803 principio
364 2722 444 2782 tertii
463 2738 588 2782 vorsus:

184 2838 259 2905 ἐπεὶ
280 2830 396 2918 toros,
420 2828 554 2926 όφιλος,
576 2875 593 2885 -
616 2833 635 2901 ό
658 2861 691 2901 τι
713 2835 867 2920 πύματον
888 2834 981 2907 όλοί-

183 2966 260 3026 μαν,
286 2936 464 3030 φρόνη-σιν
487 2935 519 3004 εἰ
539 2933 628 3011 τόνδ’
652 2935 725 3022 ἔχω.

142 3071 174 3129 in
189 3066 397 3146 antistropha:

183 3178 457 3306 παραφρόινιμοὶν,
449 3173 638 3266 ,όπορον-
622 3180 710 3247 -ἒπὶ
732 3178 880 3271 φρόνιμα
901 3184 1031 3274 πεφάν-

130 3280 303 3367 θαιμ’
327 3308 378 3356 αν,
401 3307 470 3348 ει-
494 3306 531 3349 σε
552 3281 772 3373 νοοφίζομαι·

130 3437 136 3474 ι
153 3412 310 3491 deniquo
304 3429 333 3469 m
351 3410 411 3468 lino
428 3407 555 3469 secundi
572 3428 699 3470 versus:

184 3524 222 3596 od
245 3525 301 3593 τὸν
325 3520 457 3588 πόντιον
480 3529 609 3588 θεῶν·
633 3523 717 3590 θεὸν
740 3525 870 3615 πρόμον
886 3527 1015 3632 ’Ἅλιον

184 3631 259 3700 ἐπεὶ
281 3622 396 3707 dacos,
419 3619 586 3716 αφιλος,-
613 3623 633 3693 ό
653 3652 685 3692 ιι
707 3627 863 3717 πύματον

184 3730 335 3817 ὀλοίμαν,
358 3728 517 3820 φρόνησιν
538 3754 568 3794 ει
560 3725 725 3794 τόνδ”’
703 3757 781 3814 εχω·

142 3869 172 3926 in
189 3857 395 3936 antistropha:

183 3973 210 4046 ὦ
224 3975 320 4062 ’,ναξ
344 3968 441 4043 εἶπον
458 3963 519 4056 μὲν
538 3974 626 4050 οόχ-
642 3967 737 4053 ἅπαξ
756 3977 867 4061 μόνον,
893 3973 969 4046 rollo
994 3980 1032 4048 de*

183 4081 390 4175 παραφρόνιι
377 4102 451 4203 μρν,
453 4073 637 4208 όίπρρον-
654 4073 712 4141 ἐπι
730 4078 876 4170 φρόνιμα

183 4189 363 4282 πεφανόαι
384 4208 410 4266 μ
436 4207 487 4264 αν,
511 4183 574 4254 εί-
558 4216 629 4258 -οε
654 4185 868 4279 νοοφίζομαι
