2804 4912
521 310 560 355 Μ
575 308 740 355 mmm&

517 482 631 556 off.
649 486 724 557 111.

454 621 513 692 De
539 618 784 694 ordinibus.

163 770 258 854 stt.
297 774 450 836 Numerus
472 782 526 836 aut
548 773 686 836 infinitus
707 783 772 852 ost,
803 776 856 854 qui
879 783 960 836 totus
983 794 1023 836 en
1045 775 1165 837 theticis

76 876 272 959 temporibus
292 886 424 956 constat,
451 877 552 957 qualis
573 894 723 940 numerus
744 879 816 957 quia
838 879 984 939 varietate
1005 887 1105 958 caret,
1133 880 1164 939 in

76 980 215 1060 artibus,
249 1000 329 1062 quae
355 982 492 1043 numeris
518 989 665 1060 utuntur,
695 981 817 1044 nullum
846 980 941 1043 babet
966 1001 1075 1059 nsum;
1110 992 1164 1045 aut

80 1085 185 1148 linitus
200 1093 262 1164 est,
287 1083 389 1166 qualis
403 1093 466 1162 est,
492 1085 546 1164 qui
561 1085 644 1146 arsin
660 1083 763 1147 babet.
798 1083 979 1148 Huiusmodi
997 1104 1163 1148 numerum

80 1187 263 1251 ordinem
284 1204 440 1250 vocamus.

162 1389 258 1474 518.
292 1393 423 1457 Ordines
438 1403 493 1457 aut
507 1394 716 1476 simplices
732 1404 815 1474 sunt,
837 1396 891 1475 qul
906 1404 961 1458 aut
975 1397 1007 1457 in
1022 1396 1085 1458 sola
1100 1399 1162 1459 arsi

75 1498 262 1578 consistunt,
282 1507 319 1561 ut

164 1603 202 1680 vl

75 1714 132 1768 aut
144 1723 188 1767 ex
202 1704 265 1766 arsi
280 1711 312 1765 et
326 1703 405 1765 thesi
421 1711 572 1782 constant,
591 1711 627 1765 ut

163 1810 227 1886 W,
297 1809 384 1886 &wi

75 1914 126 1975 alii
148 1911 356 1992 periodici,
381 1911 434 1991 qui
457 1929 496 1971 ex
518 1908 660 1988 pluribus
675 1907 835 1971 ordinibus
851 1928 913 1970 uno
929 1929 1056 1972 numero
1071 1932 1161 1974 corn-

74 2017 253 2098 prebonsis,
279 2016 299 2076 i
319 2034 346 2074 e.
365 2033 404 2074 ex
420 2032 482 2075 una
504 2013 660 2074 communi
681 2031 789 2074 caussa
812 2014 885 2074 ortis
901 2016 1058 2095 compositi
1073 2026 1156 2078 sunt.

76 2121 156 2180 Nam
174 2128 210 2183 ut
231 2117 421 2198 singulorum
437 2125 610 2196 temporum
624 2116 836 2194 successione,
862 2117 903 2178 ita
924 2119 1016 2180 etiarn
1030 2138 1161 2181 sueces-

82 2223 167 2283 sione
185 2223 372 2302 integrorum
395 2218 539 2282 ordinum
562 2219 657 2280 series
680 2237 860 2281 caussarum
879 2229 972 2301 atque
995 2223 1160 2285 effectuum

76 2327 301 2406 repraesentari
321 2333 437 2404 potest,
462 2332 584 2385 servata
606 2322 672 2402 lege
694 2323 902 2404 aequalitatis,
928 2334 977 2405 ut,
1003 2326 1159 2406 quemad-

73 2428 203 2492 modum
226 2430 259 2490 in
281 2427 473 2507 simplicibus
493 2425 653 2489 ordinibus
674 2427 794 2507 singula
815 2436 968 2508 tempora,
992 2430 1037 2491 sie
1052 2431 1083 2492 in
1098 2450 1160 2511 pe·

70 2531 197 2596 riodieis
212 2530 335 2593 ordines
350 2530 462 2610 singuli
478 2529 538 2610 sibi
552 2548 643 2609 pares
658 2530 730 2610 sint,
749 2540 785 2591 ut

160 2621 215 2683 bo
235 2637 297 2714 oo,
366 2637 443 2681 ow
464 2635 551 2694 oeae,

159 2842 185 2923 5
203 2838 256 2906 19.
289 2840 404 2903 Eodem
426 2838 531 2919 modo,
557 2848 591 2902 ut
611 2840 688 2900 arsis
711 2839 827 2901 athesi
850 2842 955 2902 maiori
972 2843 1001 2902 vi
1016 2861 1158 2903 caussam

69 2946 248 3009 absolutam
265 2944 418 3007 indicante
433 2943 648 3022 distinguitur,
675 2944 766 3004 etiam
781 2943 879 3023 prima
896 2941 1036 3005 ordinum
1052 2947 1158 3026 perio-

74 3049 215 3113 dicorum
227 3049 314 3128 arsis,
326 3057 361 3110 ut
372 3066 453 3128 quae
463 3064 605 3109 caussam
616 3044 791 3107 absolutam
802 3047 1030 3126 insequentium
1041 3051 1157 3111 arsium

78 3155 244 3231 contineat,
264 3150 368 3213 lortior
382 3150 443 3212 illis
458 3158 513 3210 est.
547 3148 623 3209 Nam
639 3168 781 3230 quaeque
796 3151 1026 3230 insequentium
1041 3154 1157 3215 arsium

74 3254 217 3318 absoluta
233 3264 289 3334 est,
309 3252 392 3334 quod
407 3253 515 3314 attinet
529 3251 570 3313 ad
585 3272 656 3314 eum
671 3251 820 3333 ordinem,
839 3273 930 3315 eosve
946 3254 1078 3334 ordines,
1103 3258 1157 3337 qui

71 3379 112 3421 ex
126 3361 194 3441 ipsa
212 3366 395 3433 naseuntur;
422 3374 485 3416 non
500 3353 657 3434 absoluta,
683 3356 767 3436 quod
788 3357 896 3420 attinet
909 3357 950 3420 ad
965 3358 1157 3438 praeceden-

70 3472 134 3524 tem
150 3462 246 3541 arsin,
265 3462 354 3524 euius
369 3461 435 3540 ipsa
451 3460 577 3521 effeetus
593 3467 648 3520 est.

159 3665 254 3749 §2st
287 3670 364 3730 Hinc
385 3669 434 3746 lit,
460 3676 495 3729 ut
516 3666 593 3727 arsis
615 3667 646 3726 in
669 3686 705 3728 eo
727 3666 848 3747 ordine,
875 3670 962 3732 euius
983 3670 1049 3749 ipsa
1063 3670 1156 3749 prin-

68 3775 188 3854 cipium
211 3781 274 3851 est,
299 3779 418 3833 mutue
439 3769 557 3850 aliquid
578 3771 689 3849 possit,
715 3771 803 3850 isque
824 3770 912 3851 ordo,
940 3780 1094 3852 quatenus
1115 3772 1156 3834 ab

68 3895 129 3940 sua
152 3877 214 3937 arsi
241 3874 372 3954 pendet,
401 3882 564 3953 exemptus
590 3875 630 3934 sit
655 3873 721 3954 lege
745 3875 796 3936 issa
822 3876 1023 3955 aequalitatis.
1059 3877 1158 3938 Potest

68 3989 180 4043 autern
201 3979 343 4040 cohibere
366 3997 399 4040 se
421 3979 468 4038 vis
490 3977 557 4057 illa,
587 3976 759 4040 cuiusmodi
779 3977 902 4041 ordines
924 3981 1158 4043 imminutos

69 4100 238 4159 vocamus;
258 4093 294 4144 ut

161 4187 274 4264 coeo,
349 4188 477 4233 coeco

479 4233 487 4265 l
