2804 4912
518 1121 891 1222 PRAEFATIO.

245 1519 371 1618 Quum
396 1532 592 1616 exemplaria
618 1531 788 1597 detinerent
812 1534 917 1598 editae
941 1542 1016 1599 ante
1045 1535 1104 1602 hos
1133 1558 1190 1603 sex
1217 1547 1249 1604 et

153 1641 275 1724 viginti
296 1659 398 1705 annos
416 1640 571 1724 epitomes
590 1639 753 1705 doetrinae
773 1641 938 1721 metricae,
965 1662 1093 1726 operum
1120 1645 1193 1710 dedi
1215 1654 1249 1711 ut

153 1749 369 1831 corrigerem,
392 1766 475 1831 quae
488 1748 541 1812 vel
555 1746 638 1812 laha
652 1748 703 1811 vel
717 1747 815 1814 dubia
828 1768 899 1814 esse
913 1749 1156 1829 intellexissem,
1180 1773 1248 1817 ser-

154 1856 244 1922 vatis
264 1863 373 1920 tamen
394 1854 534 1920 numeris
553 1855 835 1939 paragraphorum.
868 1857 966 1921 Erant
986 1864 1090 1922 autem
1113 1859 1176 1924 duo
1190 1881 1249 1944 po-

156 1964 321 2029 tissimum
344 1968 463 2040 metra,
493 1982 625 2046 quorum
646 1963 777 2028 alterius
797 1983 961 2029 numerum
982 1985 1045 2030 non
1068 1974 1152 2032 reete
1172 1988 1249 2033 oon-

157 2073 346 2150 stitueram,
372 2070 564 2156 dactylicum
585 2069 801 2136 hexametrum
823 2066 982 2152 μείουρον
1002 2072 1092 2151 diro,
1120 2075 1249 2140 alterins

157 2188 281 2256 antem,
300 2177 385 2260 quod
398 2186 449 2243 est
462 2177 656 2254 Saturnium
681 2178 721 2243 de
736 2179 957 2261 antiquissima
972 2181 1120 2262 prosodia
1134 2181 1248 2247 falsam

158 2286 343 2371 opinionem
356 2305 444 2350 eram
457 2292 594 2350 seeums.
625 2286 793 2350 Praeterea
811 2285 844 2350 in
858 2286 899 2350 iis
914 2286 1111 2370 potissimum
1126 2290 1246 2366 metris,

159 2412 244 2476 qnae
264 2393 299 2457 in
319 2392 511 2457 ‹arminibus
530 2392 766 2476 antistrophiois
788 2400 820 2457 et
836 2394 1142 2478 paromoeostrophis
1157 2415 1249 2460 usur-

159 2508 296 2585 pantur,
320 2501 483 2584 exempla,
506 2500 621 2581 quibus
638 2519 715 2566 usus
736 2520 839 2578 eram,
863 2501 929 2565 alia
943 2501 1161 2579 emendanda,
1184 2502 1250 2566 alia

158 2607 348 2686 omittendo,
365 2608 516 2672 alianum
530 2607 705 2691 aptioribus
719 2609 943 2673 commutanda
956 2616 1057 2674 erant.
1089 2610 1172 2673 Nam
1188 2630 1250 2692 quo

158 2715 298 2782 maiores
319 2734 507 2799 progressus
526 2733 580 2778 ars
598 2714 708 2779 oritioa
722 2716 773 2779 vel
794 2716 937 2781 eodieum
960 2716 1050 2782 novis
1071 2716 1184 2800 opibus
1199 2717 1250 2782 vel

158 2822 330 2906 diligentia
349 2822 526 2887 eritioorum
548 2821 642 2899 faeit,
665 2841 705 2886 eo
719 2824 822 2904 magis
836 2824 1059 2906 intelligimus,
1084 2823 1183 2889 multo
1197 2842 1249 2888 se-

157 2931 301 2997 veriores
315 2949 410 3012 qnam
425 2929 501 2994 olim
515 2929 685 3012 putabatur
699 2938 822 2994 veteres
838 2939 949 3014 poetas
963 2930 1072 2995 fuisse.
1103 2930 1248 2996 Ceterum

157 3060 200 3105 ex
221 3038 283 3116 iis,
305 3056 389 3120 quae
402 3037 499 3122 priori
514 3036 644 3102 editioni
666 3036 945 3119 praesenseram,
968 3036 1139 3122 repetenda
1158 3037 1248 3116 duxi,

93 3136 97 3141 ’
158 3144 293 3211 mutatis
307 3145 478 3223 nonnullis,
495 3164 577 3227 qnae
592 3150 775 3226 sequuntur.

246 3251 332 3329 llos,
355 3250 409 3333 qui
431 3251 483 3316 rel
503 3251 565 3335 ipsi
585 3270 626 3316 ex
648 3251 708 3316 hoo
730 3251 811 3317 libro
828 3252 898 3317 sine
912 3252 987 3317 viva
1007 3252 1151 3334 magistri
1174 3270 1250 3316 rooe

157 3376 353 3442 eognosoere
365 3366 469 3423 metra
481 3360 607 3435 volent,
631 3359 682 3422 vel
702 3358 783 3423 alios
800 3358 884 3423 hano
904 3358 1057 3424 rationem
1071 3358 1185 3423 dooere
1199 3359 1250 3422 in-

111 3524 115 3531 .
157 3468 304 3545 stituent,
327 3464 491 3531 admoneri
505 3464 771 3550 operaepretium
788 3471 849 3545 est,
872 3485 914 3531 ne
927 3465 1157 3548 eanegligant,
1181 3467 1252 3530 sine

156 3574 277 3658 quibus
289 3573 414 3638 inutilis
427 3579 460 3638 et
473 3573 564 3656 quasi
580 3591 676 3637 caeca
689 3580 797 3638 manet
811 3579 979 3639 metrorum
994 3572 1138 3638 seientia.
1170 3573 1252 3637 Sunt

156 3703 198 3748 ea
213 3680 623 3764 autemtriapotissimnm.
1186 3746 1190 3751 ,

245 3788 388 3854 Ρήωιιω
402 3787 488 3853 enim
502 3787 618 3852 multos
632 3806 704 3852 esse
717 3787 797 3865 vidi,
820 3787 886 3871 qui,
908 3787 994 3871 qnod
1006 3807 1058 3866 ea,
1082 3807 1164 3871 quae
1178 3788 1251 3852 uni-

155 3916 251 3964 verae
271 3894 315 3960 de
335 3900 451 3960 nutura
470 3893 592 3959 numeri
612 3894 790 3979 disputavi,
817 3914 882 3959 non
908 3895 987 3960 satis
1008 3895 1249 3972 intellexissent,

84 4052 96 4079 ;-
154 4026 198 4072 ne
212 4003 414 4087 singulorum
433 4000 563 4085 quidem
582 4021 781 4067 numerorum
803 4001 956 4068 rationem
972 3994 1119 4085 legesque
1140 4009 1251 4085 potue-

84 4124 86 4179 ἰ
154 4114 221 4179 rint
234 4110 431 4199 perspioere.
455 4107 694 4175 Oblraeresount
707 4109 754 4174 illi
770 4109 835 4172 fere
849 4109 881 4173 in
897 4128 947 4187 eo,
960 4110 1045 4191 quod
1059 4109 1252 4192 temporibus
