2804 4912
587 306 623 346 nc
639 305 793 352 musouu.
984 324 989 329 -
1194 285 1232 346 31

152 457 218 531 Nun
234 457 340 527 minus
355 458 448 528 otiam
463 467 511 525 est
526 457 581 526 ubi
591 458 688 523 hiatui
703 456 881 525 ermundo
890 457 1007 521 sertim
1016 457 1232 537 interpunctio.

152 559 227 621 Vide
244 558 292 643 ἕξ.
312 562 363 629 82.
385 563 437 622 85.
457 564 507 623 86.
541 563 586 629 lto
607 580 668 641 qtto
683 562 737 641 qui
751 557 938 641 disputavit,
957 558 1025 621 Gar.
1045 560 1187 639 mugiuit,
1206 561 1238 621 in

152 663 260 724 libello
282 681 377 741 supra
392 661 411 749 ξ
427 665 477 727 80.
498 673 750 745 commemoratu,
775 662 903 733 modum
924 661 956 723 in
971 662 1029 723 hac
1044 681 1076 725 re
1092 664 1233 742 excessit,

153 786 254 849 quum
277 788 338 830 non
362 766 453 828 modo
472 767 504 829 in
519 786 664 847 caesura,
690 764 748 839 sed
765 766 834 841 otiis
847 767 938 835 etiam
954 767 986 827 in
1001 765 1075 827 locis
1091 784 1237 829 versuum

152 872 327 956 admissum
342 888 410 939 esse
426 870 544 932 hiatum
558 870 724 945 contendit.
757 869 874 951 Indiget
894 870 970 941 haec
985 888 1035 931 ros
1050 868 1150 941 adbuc
1164 868 1240 931 dili·
1317 860 1320 865 ’

152 976 292 1063 gentiore
306 975 572 1065 pervestigatione.
606 974 687 1036 illud
702 983 821 1043 certum
836 973 976 1052 videtur,
1002 973 1189 1050 ubicumque
1208 974 1240 1045 in

153 1077 314 1141 recitando
329 1079 421 1139 etiam
445 1087 530 1138 extra
548 1087 679 1139 metrum
694 1095 791 1158 pausa
808 1078 872 1138 fieri
894 1077 987 1155 solet,
1014 1076 1086 1137 ferri
1108 1076 1235 1141 hiatum.

156 1184 204 1245 Sic
220 1183 256 1242 in
271 1181 410 1243 Asinaria
426 1182 474 1243 lv.
494 1182 516 1260 l,
537 1183 587 1243 59.

243 1303 387 1365 ancillam
403 1301 489 1383 serre
508 1303 688 1365 Veturi-out
704 1301 856 1382 Cupidini.

154 1425 354 1503 Omninoque
375 1422 426 1483 illa
442 1441 533 1483 scena
549 1424 640 1504 plena
657 1431 705 1483 est
719 1423 868 1501 exemplis
883 1422 1040 1501 biatuum,
1065 1424 1136 1502 quia
1162 1424 1241 1486 lente

155 1530 364 1607 distincteque
388 1527 534 1587 recitatur
555 1527 782 1606 syngraphum,
809 1525 892 1605 quod
915 1526 1003 1588 condi
1019 1528 1151 1588 iusserat
1165 1530 1241 1590 Ilia-

155 1633 261 1694 bolus.
300 1630 417 1691 Eadem
441 1631 516 1690 ratio
538 1638 586 1691 est
614 1631 647 1690 in
669 1629 952 1691 enumerationibus
973 1628 1109 1709 plotium
1137 1651 1241 1693 rerum

155 1737 317 1798 similium.
343 1736 383 1796 Vt
397 1735 428 1794 in
440 1730 510 1793 Aul.
530 1734 578 1794 lll.
599 1735 628 1812 5,
642 1735 691 1794 34.
711 1733 856 1795 Men.'lll.
876 1734 969 1812 2,ll.
989 1736 1078 1794 Merc.
1098 1736 1145 1794 lV.
1167 1738 1195 1814 l,
1209 1738 1237 1797 5.

155 1846 189 1905 V.
209 1845 242 1922 2,
266 1841 316 1900 tt.

243 1969 307 2025 stat
320 1958 406 2041 stillo,
421 1957 559 2040 pbryyio,
577 1956 740 2038 -orlriseoc²
761 1959 909 2021 londrt'us.

242 2064 372 2147 prandi,
388 2062 503 2144 potavi,
521 2063 651 2123 cedrium
667 2061 805 2139 accubui,
825 2061 969 2123 -dbsluli

245 2169 361 2240 videre,
381 2165 530 2248 amplecti,
548 2166 716 2244 osculari,
734 2165 881 2246 -dlloqur',

247 2276 360 2354 lyornet
375 2269 449 2331 milii
464 2269 570 2347 comes,
589 2269 718 2348 calator,
737 2269 839 2349 equus,
859 2289 962 2348 bysso,
982 2273 1146 2351 -drrniyer

160 2396 247 2456 Elin
266 2390 410 2452 versibus
425 2385 551 2452 Creticis
566 2392 652 2450 Most.
672 2389 694 2450 l.
714 2391 744 2469 2,
757 2389 807 2449 73.

249 2516 317 2575 drtc
330 2511 530 2592 yyruodstico,
549 2508 640 2586 dlcco,
659 2508 784 2588 -ltostls,
800 2510 875 2588 pilo,

249 2616 353 2693 corso,
371 2613 501 2693 -amnlS,
520 2631 604 2693 eqrio.

155 2738 304 2803 Dubitari
319 2743 420 2816 potest
434 2732 472 2795 de
488 2733 539 2794 illo
553 2732 662 2795 Pseud.
682 2733 703 2794 l.
726 2735 754 2812 l,
769 2734 817 2793 ll.

248 2857 361 2920 iuvdbo
378 2863 433 2917 out
447 2875 490 2933 re,
511 2861 588 2915 -oul
601 2856 701 2934 epora,
723 2863 777 2916 out
791 2855 910 2916 concilo
925 2855 1008 2917 borco.

157 2999 260 3062 quum
278 2977 420 3040 facillima
433 2976 616 3036 correctione
631 2975 726 3036 scribi
741 2977 851 3057 possit:
871 2977 980 3038 iuvabo
993 2984 1018 3038 le
1034 2985 1087 3038 out
1097 2998 1141 3040 re.
1167 2981 1246 3042 Tum

160 3087 255 3148 etiem
270 3083 305 3142 in
321 3079 498 3160 repetitione
521 3078 665 3138 similium
683 3077 846 3139 verborum
863 3079 962 3141 hiatus
986 3081 1138 3143 interdum
1155 3085 1246 3145 etiam

160 3185 359 3250 necessarius
375 3191 436 3261 est,
455 3190 491 3242 ut
504 3182 535 3241 in
551 3184 672 3242 Mercat.
692 3183 714 3243 l.
734 3184 764 3261 2,
778 3185 828 3243 68.

250 3305 287 3366 A.
309 3306 448 3385 eloquor,
476 3301 712 3383 quauddquldem
734 3321 780 3364 nte
801 3322 881 3364 oras.
903 3302 969 3365 ttius
986 3313 1077 3386 poter
1094 3307 1155 3366 CH.
1175 3308 1249 3389 quid

837 3410 919 3468 meus
930 3411 1043 3488 paler?

252 3527 290 3590 A.
311 3526 560 3588 cotom-amicam
585 3525 647 3586 CH.
673 3526 853 3608 quidcem?
881 3524 918 3589 A.
942 3527 1029 3588 cidit.
1064 3531 1124 3590 GH.
1151 3532 1248 3592 oldil?

765 3648 822 3690 voe
836 3631 944 3691 miserti
958 3630 1041 3693 milti.

152 3743 195 3802 Et
210 3741 250 3800 in
266 3732 377 3796 eadem
392 3731 496 3793 fabula
512 3732 546 3792 ll.
569 3735 596 3813 l,
610 3734 659 3793 l0.

255 3855 319 3917 GH.
339 3853 411 3935 quid
425 3853 458 3914 id
472 3860 532 3931 cst,
558 3851 636 3934 quod
655 3853 733 3914 ccis‘l
763 3853 821 3913 EV.
849 3852 917 3916 ttius
935 3863 1022 3935 poter
1043 3857 1101 3917 volt
1123 3859 1249 3922 cludere

769 3957 831 4016 CH.
850 3976 961 4018 omnem
977 3961 1041 4019 rlrn
1057 3967 1146 4022 tenes.

256 4079 318 4140 nt.
344 4075 589 4138 tilam-omnem
616 4077 678 4136 GH.
703 4077 827 4136 nimium
850 4078 975 4139 multum
998 4079 1067 4139 scis.
1104 4082 1166 4140 EV.
1192 4081 1251 4141 luis

876 4181 1027 4262 lnyro'llis
1125 4228 1134 4243 .
