2804 4912
712 61 727 97 h

233 297 294 356 140
616 313 672 355 tu.
694 263 740 354 ιι.Ι
756 313 818 354 car.
838 313 919 354 xxxv.

227 468 287 538 Qui
304 469 335 529 ‘si
357 468 389 527 in
413 475 604 528 tetrametros
627 464 830 545 coniungendi
852 474 943 544 sunt,
973 465 1142 546 asynarteti
1169 462 1235 524 sint
1257 481 1323 522 ne—

228 589 316 632 cesse
331 578 387 631 est.

312 776 336 857 §
349 773 428 841 414.
462 778 666 839 Inveniuntur
680 794 792 839 versus
808 776 1020 854 choriambici,
1045 777 1099 856 qui
1113 773 1154 836 ab
1171 774 1322 836 anacrusi

227 881 386 960 incipiunt.
413 877 522 941 hesch.
544 881 575 942 S.
595 878 635 941 ad
652 880 707 940 Th.
729 881 800 941 330.

311 991 369 1062 ὑπ’
392 990 513 1083 ἀνδρὸς
533 992 671 1079 Ἀχαιοῦ
693 991 822 1061 θεόθεν

354 1096 570 1188 περθομέναν
592 1093 730 1182 ἀτίμως.

227 1225 322 1288 Cuius
337 1225 457 1304 generis
473 1223 619 1286 videntur
633 1241 702 1285 esse
717 1232 814 1284 metra
830 1221 982 1302 quaedam
998 1222 1164 1303 lyricorum
1176 1219 1324 1282 Aeolon-

226 1329 322 1405 sium,
349 1346 429 1407 quae
451 1347 468 1387 a
484 1328 687 1408 grammaticis
702 1327 801 1388 lonica
818 1346 834 1388 a
852 1326 957 1386 maiori
972 1324 1075 1386 habita
1090 1331 1182 1401 sunt,
1205 1333 1247 1385 ut
1262 1325 1324 1386 hoc
1394 1392 1397 1397 ,

226 1430 370 1513 Sapphus
386 1430 472 1511 'apud
487 1432 650 1511 Hephaest.
669 1450 700 1510 p.
722 1428 762 1490 37
783 1427 872 1510 (ot).

312 1540 543 1636 adpoppoas'po
564 1540 762 1612 Μνασιδίκα
784 1549 845 1621 τᾶς
866 1539 1001 1620 ἆπαλᾶς
1025 1547 1054 1607 Γ
1050 1546 1188 1632 νρινναῖς

311 1643 518 1737 ἅσαροτέρας
539 1643 658 1732 οὐδάμ’
682 1642 747 1728 ἔπ’,
772 1637 950 1734 ὦ”ραννα,
975 1643 1076 1712 σέθεν
1097 1647 1252 1728 οοχοῖσα.

225 1775 275 1836 Sic
290 1773 348 1835 hoc
363 1774 568 1854 fragmentum
584 1772 811 1835 emendandum
827 1781 911 1854 puto.
938 1770 1056 1833 Eadem
1071 1769 1207 1832 ibidem:

311 1889 427 1958 δέδυκε
449 1889 510 1976 μὲν
532 1885 554 1956 ἆ
578 1886 701 1956 σελάνα
807 1952 809 1956 .

310 1993 368 2061 καὶ
389 1990 571 2082 Πληϊάδες,
594 1989 696 2075 μέσαι
718 1990 756 2059 δὲ

311 2095 433 2178 νύκτες,
457 2093 551 2184 πάρα
575 2089 605 2160 d'
629 2088 738 2181 ἔρχεθ’
761 2091 848 2182 (ἶν’ρα·

310 2197 374 2288 ἐγώ
398 2197 436 2266 δὲ
456 2195 543 2283 μόνα
565 2194 734 2264 καθεύδω.

224 2329 310 2402 Quae
332 2323 418 2405 apud
433 2323 688 2403 Hephaestionem
710 2321 788 2383 male
811 2321 891 2385 binis
907 2323 1052 2386 versibus
1072 2325 1104 2386 in
1119 2342 1221 2385 unum
1236 2342 1307 2385 con-

225 2430 338 2491 iunctis
357 2429 513 2520 leguntur.¹
537 2427 629 2506 Soph.
649 2423 750 2506 Antig.
770 2428 842 2487 666.

310 2540 371 2610 τὰν
392 2536 469 2609 οὔθ’
491 2538 596 2620 ὕπνος
617 2537 707 2630 αἱρεῖ
728 2536 815 2608 πόθ’
838 2537 857 2607 ὁ
880 2539 1104 2630 παντογίρως.

311 2772 335 2852 ὅ
350 2768 428 2834 415.
455 2773 611 2851 Frequens
626 2780 673 2833 est
684 2789 792 2834 versus
808 2792 847 2833 ex
862 2761 1087 2853 amphibracho
1094 2781 1126 2834 et
1136 2772 1304 2836 choriambo

225 2877 422 2959 compositus.
449 2874 558 2938 Aesch.
577 2873 634 2956 Ag.
655 2873 727 2936 757.

309 2995 434 3081 πομπᾷ
455 2989 542 3070 Διὸς
564 2987 682 3072 ξενίου.

225 3119 366 3180 Horatius
380 3117 539 3199 praemisit
554 3115 736 3187 choriambis
752 3115 907 3197 dipodiam
923 3118 1120 3196 trochaicam,
1147 3118 1237 3180 cuius
1256 3111 1356 3179 ul-

219 3224 330 3285 timam
346 3221 497 3302 syllabam
512 3222 578 3300 ipse
594 3238 715 3299 semper
731 3220 851 3300 longam
867 3240 934 3281 esse
950 3221 1056 3300 voluit,
1076 3239 1170 3300 quam
1187 3212 1370 3284 Graecis

224 3326 387 3408 ancipitem
411 3324 505 3386 luisse
521 3323 668 3385 credibile
683 3331 747 3384 est:
774 3342 932 3386 caesuram
953 3333 1054 3386 autem
1079 3323 1149 3386 lecit
1163 3327 1195 3386 in
1211 3324 1381 3407 prim-‘21

224 3428 392 3491 choriambi
408 3427 545 3506 syllaba:
613 3403 624 3434 ⁰
881 3417 883 3421 ’

310 3547 421 3611 todeca
437 3566 499 3623 oro,
519 3546 652 3626 Sybarin
668 3565 724 3608 σαν
735 3566 885 3628 properas
900 3547 1042 3609 amando.

224 3674 351 3745 Temere
362 3669 422 3731 hoc
431 3676 564 3730 metrum
580 3666 778 3748 reprehendit
789 3666 900 3730 Atilius
911 3670 1146 3733 Fortunatianus
1161 3690 1193 3752 p.
1211 3672 1279 3734 266
1289 3649 1401 3720 5·

223 3795 254 3836 ν.
275 3773 373 3839 Bentl.
392 3771 432 3835 ad
447 3773 548 3834 Horat.
567 3791 598 3852 p.
620 3772 691 3834 tto.

310 3976 431 4060 §tto
478 3980 672 4040 Vsitatissimi
697 3987 770 4038 suut
796 3978 992 4040 choriambici
1017 3999 1088 4041 cum
1114 3981 1200 4061 basi,
1232 3984 1367 4064 (μεθ’
1396 3968 1402 3975 “

224 4085 421 4147 metricorum
444 4091 583 4143 veterum
606 4083 722 4143 inscitia
750 4081 893 4143 versibus
919 4083 1123 4163 antispasticis
1149 4084 1295 4148 adnum

226 4189 315 4253 ravit.
341 4186 381 4250 At
396 4187 423 4249 si
434 4186 622 4266 antispastici
637 4193 750 4264 essent,
765 4203 867 4266 neque
883 4205 900 4247 a
915 4185 1057 4249 trochaeo
1067 4195 1123 4251 aut
1132 4168 1397 4270 pyrrhiohiss
