2804 4912
151 291 193 353 26
568 313 623 354 nro.
644 310 664 353 1.
699 310 760 354 car.
780 313 808 355 x.

238 463 263 542 ξ
276 460 331 526 88.
359 465 508 545 Grasls,
534 464 573 527 de
588 483 650 546 qua
665 466 803 529 nondum
819 468 969 529 habemus
985 470 1039 548 qui
1054 471 1128 530 satis
1144 471 1233 550 plene

151 574 244 645 atque
258 571 400 628 amniate
411 568 598 648 exposuerit,
613 567 719 631 Atticis
734 571 874 651 inprimis
889 573 999 633 usitata
1015 582 1071 651 est,
1092 571 1148 634 sed
1161 583 1234 634 tan-

153 678 218 731 tum
235 671 265 730 in
282 671 371 731 certis
388 673 674 735 consociationihus.
708 672 784 734 Nam
800 674 864 751 lere
880 696 914 735 ea
932 684 1051 737 tanturn
1067 679 1167 737 crasin
1183 676 1234 737 la-

152 774 252 851 ciunt,
279 792 358 853 quae
374 775 465 850 etiam
481 795 578 838 sensu
593 784 752 856 tamquam
767 792 829 838 una
845 779 926 839 notio
942 779 1115 841 cohaerent.
1150 780 1234 842 Vnde

152 876 400 956 frequentissima
417 880 512 941 erasis
527 880 620 940 estin
635 880 762 942 articulo
777 889 808 940 et
823 881 962 960 nomine,
987 892 1022 944 ut
1039 872 1146 967 ιυἷυήρ,
1166 872 1235 943 ‘dv-

152 977 243 1066 ὃρες,
262 971 387 1066 εα’ρευή,
407 971 549 1064 ίαἴρεταί,
565 970 721 1066 τοῦργον,
736 971 857 1068 τᾶργα,
881 975 993 1063 ὁῦμοα
1009 975 1099 1065 τάμά
1109 1032 1118 1063 ,
1136 977 1235 1048 ddcc-

152 1081 283 1175 χώριοι,
303 1075 493 1168 (ἆπιχώριοι
508 1085 592 1165 apud
607 1085 714 1166 Eurip.
734 1088 796 1148 lon.
819 1088 910 1149 1130.
936 1080 1137 1167 θοὶμάτιον,
1154 1082 1235 1152 θαί-

151 1184 276 1271 μάτια,
299 1179 448 1272 θάτέρᾳ,
473 1176 628 1267 θὸυερου.
650 1198 681 1250 et
701 1179 903 1271 τούλέθρου,
928 1191 1012 1272 apud
1034 1194 1140 1272 Eurip.
1167 1195 1231 1272 lph.

153 1297 187 1355 T.
202 1297 272 1354 183.
299 1295 378 1353 Tum
394 1294 425 1352 in
436 1292 594 1372 particulis
606 1292 805 1372 quibusdam,
826 1303 860 1355 ut
870 1282 941 1371 cdv,
954 1283 1050 1378 τᾶρα,
1067 1317 1107 1357 ex
1118 1292 1173 1358 τοὶ
1185 1285 1234 1372 dv,

152 1388 207 1460 τοὶ
222 1387 297 1476 ἄρα.
320 1394 427 1456 Rarior
438 1396 468 1455 in
486 1397 663 1476 pronomine
679 1390 825 1474 civerim,
846 1406 880 1459 ut
891 1382 968 1476 ‘dxci
984 1419 1023 1459 ex
1039 1389 1061 1459 d
1078 1376 1151 1478 diget.
1182 1401 1235 1460 ln-

154 1502 277 1562 venitur
291 1500 382 1560 etiam
399 1501 429 1558 in
442 1497 538 1559 verbo
549 1519 588 1559 ex
600 1501 790 1579 pronomine,
810 1510 845 1561 ut
857 1488 964 1583 ἐγῷδα
976 1522 1016 1562 ex
1028 1495 1091 1583 ἐγὼ
1101 1490 1190 1580 οἶδα,
1207 1513 1236 1565 et

154 1593 365 1688 γενηουμᾶγώ
374 1614 414 1662 e'x
422 1594 600 1687 γενήσομαι
610 1592 775 1683 ἐγώ,(]οοά
783 1604 917 1680 positum
927 1605 957 1664 in
968 1600 1234 1686 lphig.Aul.ll06.

154 1707 275 1768 comicis
285 1706 444 1786 proprium
456 1714 513 1783 est,
525 1707 579 1785 qui
591 1707 722 1786 primam
734 1706 830 1767 lutu'ri
841 1727 1004 1786 personam
1016 1708 1235 1770 terminationis

154 1811 295 1892 passivae
318 1790 409 1870 etiarn
431 1829 502 1870 cum
524 1809 592 1870 aliis
614 1808 791 1870 nominibus
807 1808 999 1890 contrahunt,
1019 1820 1054 1873 ut
1070 1821 1235 1897 περιοψο-

154 1905 375 1994 μᾶαελθόντα
387 1910 470 1992 apud
483 1910 759 1990 Aristophllaniil
768 1916 797 1973 ⁶2.
813 1923 843 1974 et
856 1904 1235 1994 ἑνιαυυιζομᾶπλακοῦυ-

155 2034 213 2092 τος
226 2014 310 2097 apud
325 2016 480 2084 Platonem
497 2015 665 2095 comicum,
685 2017 811 2079 citatum
827 2015 867 2079 ab
883 2007 1039 2080 Athenaeo
1055 2038 1085 2098 p.
1108 2022 1179 2080 661.
1197 2016 1231 2079 Α.

46 2112 48 2116 ³
155 2119 231 2182 Vide
246 2117 397 2181 Gaislord.
417 2116 458 2178 ad
474 2115 636 2198 llephaest.
656 2138 686 2197 p.
700 2119 772 2180 222.

241 2327 266 2406 ἦ
280 2323 335 2390 89.
362 2328 395 2385 ln
412 2327 592 2388 universum
612 2335 713 2388 autern
731 2325 918 2406 tenendum,
946 2330 1050 2407 longas
1067 2328 1189 2390 vocales
1204 2348 1234 2404 α,

157 2453 187 2515 η,
203 2448 240 2510 ω,
267 2442 336 2492 cum
352 2428 439 2490 brevi
455 2430 580 2508 initiali,
605 2440 685 2510 quae
700 2426 764 2490 lere
780 2426 844 2490 sola
860 2450 876 2491 a
891 2432 955 2509 cst,
980 2430 1068 2491 lacile
1084 2430 1234 2511 collique-

155 2553 258 2595 scere:
286 2535 356 2594 item
380 2526 603 2613 diphthongum
626 2524 682 2612 ου’,
709 2546 789 2612 quae
812 2528 887 2592 liihil
911 2532 1122 2594 videturesse
1145 2548 1236 2614 quam

156 2637 407 2718 supplementum
430 2637 560 2715 vocalis,
594 2638 642 2697 cui
665 2637 823 2716 proprium
847 2638 967 2716 signum
991 2651 1052 2698 non
1083 2636 1238 2699 habebant

157 2742 273 2803 Graeci.
307 2741 372 2801 Non
395 2741 485 2801 etiam
509 2737 616 2800 eadem
638 2741 803 2800 contractio
824 2738 858 2800 fit
879 2741 911 2800 in
933 2741 988 2819 iis,
1015 2760 1095 2821 quae
1118 2741 1237 2827 proprie

157 2845 339 2926 diphthongi
355 2851 444 2922 sunt,
464 2844 522 2903 nisi
538 2843 569 2903 ln
584 2842 696 2905 luturl‘s
712 2843 787 2922 illis,
814 2851 849 2905 ut
864 2826 1084 2927 γενησομᾶγῶ.
1116 2844 1238 2904 Perrarc

157 2951 188 3010 in
203 2948 288 3027 aliis,
314 2956 350 3009 ut
365 2940 538 3025 νικώμενοι
551 2935 725 3027 ”κύριοσ’01
739 2956 771 3008 et
785 2943 938 3010 dlelotm
952 2935 1077 3008 ''eam
1096 2948 1127 3007 in
1143 2947 1238 3008 Persis

158 3051 301 3132 Aeschyli
313 3052 385 3112 3111.
401 3050 471 3112 lec.
487 3058 518 3110 et
529 3049 696 3112 aeoocoat
709 3038 846 3111 ’'ulolov
859 3051 890 3110 in
903 3051 996 3130 Soph.
1009 3048 1085 3111 ced.
1101 3050 1233 3112 (1.1608.

159 3166 190 3218 et
203 3154 298 3234 ταχεῖ
319 3145 499 3233 ’πόρευσαν
514 3153 629 3215 ibidem
645 3172 674 3214 v.
697 3155 788 3215 loca.
808 3144 1102 3236 ο1ἑ1ιε1’δα11ρυσα
1118 3155 1151 3214 in
1167 3147 1238 3214 Phi-

159 3261 229 3321 loet.
241 3262 313 3319 360.
346 3257 480 3318 Dubium
497 3258 544 3317 est
559 3248 591 3317 εἰ
610 3246 861 3336 ’πιταξόμεοθα
877 3258 908 3316 in
924 3258 1029 3336 Eurip.
1044 3258 1152 3338 Suppl.
1166 3259 1235 3317 523.

159 3356 231 3424 Καὶ
245 3374 318 3421 vero
341 3370 421 3421 cum,
434 3357 578 3421 omnibus
594 3354 755 3422 vocalibus
777 3369 809 3420 et
823 3352 1020 3439 diphlho'ngis
1039 3361 1140 3422 erasin
1156 3360 1236 3438 lacit,

159 3466 258 3528 rarius
280 3473 383 3525 tamen
407 3483 477 3525 curn
501 3483 523 3524 ι.
553 3461 615 3524 Sed
637 3482 698 3524 non
721 3464 856 3543 copulari
880 3480 936 3543 per
956 3464 1056 3524 crasin
1080 3480 1151 3525 eum
1175 3454 1236 3542 dei,

160 3588 261 3649 neque
288 3587 358 3629 euni
386 3553 421 3628 εὖ
450 3568 507 3626 nisi
535 3567 568 3626 in
595 3567 787 3646 compositis,
820 3564 1002 3629 observavit·
1022 3569 1175 3629 Pcrsonus
1201 3564 1238 3628 ad

160 3673 270 3734 Phoen.
293 3670 384 3731 1131.
485 3695 487 3699 ·

245 3878 338 3964 §att
373 3880 602 3959 Synizesis,
625 3876 1044 3962 sivesynecphonesis‚
1064 3881 1238 3958 quaeineo

161 3989 260 4069 posita
275 3995 331 4062 est,
350 3992 386 4046 ut
397 3983 475 4045 duae
491 3982 611 4046 vocales
626 3985 717 4047 simul
729 3986 976 4063 pronuntientur,
995 3981 1052 4043 sed
1068 3998 1130 4044 non
1145 3984 1177 4042 in
1189 3978 1238 4043 dl-

161 4091 351 4173 phthongum
364 4089 553 4166 coniunctae,
569 4088 652 4167 apud
661 4086 775 4149 Atticos
788 4087 984 4149 usitatissima
998 4094 1045 4146 est
1059 4087 1090 4145 in
1103 4085 1238 4166 genitivis

161 4198 193 4258 in
209 4214 271 4269 εως
285 4203 316 4256 et
338 4212 400 4257 εων
422 4193 606 4272 terminatis,
632 4200 667 4253 ut
689 4184 838 4265 πόλεως,
864 4184 1004 4252 πόλεων.
1034 4187 1127 4268 Apud
1142 4189 1238 4270 epicos
