2804 4912
327 126 364 167 nn
380 125 431 166 ιιι
447 121 708 167 tsrtsrnonmnvn
725 123 886 165 svnnnrm.
1091 105 1153 167 235

65 274 137 346 ιθ,
163 294 236 356 pars
251 269 336 338 κατὰ
352 269 504 362 σύστημα
519 275 639 357 scripta
656 277 710 355 sit,
736 278 871 338 earmina
886 296 922 339 ea
942 270 1068 356 μικτὰ
1091 297 1155 360 ye-

72 369 163 438 vtes
183 387 349 459 vocantur,
379 390 415 443 ιιι
434 380 607 461 tragoediae
633 388 665 441 et
685 389 806 443 veteres
832 379 1024 457 comoediam
1056 400 1154 461 quum

20 560 29 569 .
77 480 171 543 ittam
184 483 313 563 perinde
328 492 393 562 est,
413 493 517 546 utrum
534 486 604 564 quis
620 504 654 546 ea
671 477 757 545 κατὰ
771 474 902 562 στίχον,
927 503 968 546 an
989 477 1076 546 κατὰ
1091 476 1155 546 σι’-

22 574 25 579 *
80 585 177 662 σςη’μα
195 588 310 670 seripta
324 598 434 667 putare
449 590 540 666 velit,
566 580 662 648 κοινὰ
686 580 797 671 yeneno
820 588 980 666 dicuntur,
1006 597 1042 650 ut
1056 589 1153 651 multa

81 691 114 741 2¹
126 684 346 753 Anaoreontieis
367 691 573 769 carminibus,
599 711 679 771 quae
701 700 786 753 etex
803 690 945 753 versibus
961 699 1098 770 tantum,
1124 701 1156 753 ot

11 844 14 851 .
80 795 249 875 exetrophis
260 804 392 874 possunt
403 797 570 875 oomposita
584 793 688 856 videri.
709 796 743 856 V.
756 795 918 873 Hephaest.
931 814 1001 876 pag.
1013 798 1063 856 63.
1073 797 1147 856 -7t

86 883 289 973 (ιιι-ιιι).

153 1118 269 1201 §632
295 1125 381 1196 Quae
402 1116 506 1184 κατὰ
527 1115 670 1203 στίχον
692 1126 804 1205 scripta
820 1132 903 1202 sunt,
924 1121 1068 1189 dividunt
1082 1141 1155 1183 me-

75 1226 134 1287 tn'ei
149 1227 181 1287 in
195 1217 340 1305 μικτά,
361 1245 441 1306 quae
457 1227 488 1287 in
504 1227 571 1288 aliis
585 1228 728 1308 partibus
745 1228 820 1289 alios
836 1245 946 1289 versus
962 1226 1095 1303 habent,
1120 1234 1155 1287 ut

10 1296 16 1331 r
71 1328 241 1391 comoediae
268 1327 424 1391 Menandri
449 1330 584 1409 fuerunt,
614 1339 645 1392 et
670 1333 703 1392 in
730 1318 905 1409 ἷίμικτα,
932 1349 1012 1410 quae
1039 1329 1156 1410 ubique

10 1450 29 1633 p
68 1432 176 1496 eodem
192 1451 306 1513 genero
322 1450 431 1496 versus
446 1433 627 1513 proeedunt,
647 1444 683 1496 ut
697 1436 799 1515 poesis
814 1436 909 1516 epioa.

25 1692 28 1697 ·
152 1655 270 1740 5633.
303 1651 601 1742 Σαστηματικά
627 1667 730 1722 autem
751 1662 792 1722 ita
814 1660 1014 1738 dividuntur,
1040 1668 1076 1721 ut
1096 1661 1155 1721 alia

10 1632 25 1915 ν
63 1756 175 1824 κατὰ
223 1755 376 1841 σχέσιν,
418 1762 475 1823 alia
518 1751 830 1844 ἀπολελυμένα,
875 1764 933 1824 alia
973 1755 1154 1845 μετρικοὶ

10 1926 12 1937 ,
62 1854 250 1943 ἄτακτα,
272 1865 330 1927 alia
354 1860 398 1942 ἐξ
416 1856 591 1945 ὁμοίων,
616 1867 673 1927 alia
701 1861 828 1946 μικτὰ
852 1859 1152 1950 σσστηματικσὶ,

10 1948 12 1959 ’
62 1969 124 2031 alia
148 1963 273 2030 κοινὰ
292 1963 585 2053 σνστηματικὰ
608 1988 676 2032 esse
693 1968 842 2033 dieantur.
871 1972 956 2043 Quae
972 1971 1046 2032 satis
1058 1989 1155 2049 prava

62 2072 260 2154 partitioest.

153 2293 270 2377 §634
296 2297 335 2359 Et
355 2290 459 2359 κατὰ
483 2291 626 2376 σχέσιν
648 2307 814 2380 vocantur,
840 2319 920 2380 quae
936 2300 1154 2379 responsiones

64 2412 97 2464 et
113 2402 287 2464 iterationes
303 2401 427 2462 habent.

153 2621 269 2704 §635.
291 2620 602 2707 Άσολελυμένα
626 2624 789 2705 dicuntur,
808 2639 905 2706 quae,
924 2634 1019 2706 prout
1033 2625 1155 2688 libitum

65 2737 116 2791 est
129 2737 247 2808 poetae,
266 2730 332 2791 sine
348 2737 431 2792 certa
445 2729 511 2810 lege
527 2728 711 2793 conduntur.
745 2732 787 2791 De
808 2730 856 2792 his
878 2729 956 2792 inira
972 2749 1039 2809 eap.
1059 2732 1151 2792 XXV.

64 2831 281 2913 explicabitur.

152 3034 269 3118 §63ss.
294 3031 489 3123 Μιτρικὰ
511 3027 670 3102 ἄτακτα
691 3048 780 3120 sunt,
807 3059 887 3121 quae
911 3060 950 3102 ex
973 3042 1063 3103 certis
1079 3041 1156 3120 qui-

64 3141 150 3219 dem,
180 3139 236 3203 sed
261 3140 376 3204 divorsi
400 3144 519 3222 generis
548 3143 691 3205 versibus
720 3152 835 3205 temere
863 3145 966 3206 mixtis
994 3152 1151 3205 constant:

64 3243 240 3307 cuiusmodi
256 3246 433 3325 exemplum
449 3247 582 3309 afferunt
597 3247 654 3307 hoo
670 3246 854 3309 Simonidis:

144 3352 287 3445 ’Ἰσθμια
307 3359 376 3445 tis,
399 3361 511 3452 Νεμέᾳ
534 3358 602 3444 tic,
624 3356 791 3453 Ὀλυμπίᾳ
816 3360 1067 3453 ἐστεφανώθην,

199 3459 238 3530 οὗ
260 3462 386 3533 πλατεῖ
403 3472 502 3531 νικῶν
524 3463 687 3549 σώματος,
712 3461 798 3532 ἀλλὰ
820 3465 927 3557 τέχνᾳ,

196 3564 200 3572 ’
242 3565 483 3657 Ἀριστόδαμος
506 3566 677 3658 Θράσιδος
698 3571 825 3649 Aleion
840 3568 950 3661 πάλᾳ.
985 3567 988 3573 ’

64 3696 241 3773 Dicuntque
274 3695 331 3755 hoo
360 3693 450 3757 modo
476 3696 636 3775 Margiten,
670 3697 724 3776 qui
751 3697 880 3757 Homero
910 3695 1153 3775 adscribebatur,

63 3799 163 3860 fuisse
179 3799 391 3878 compositum.
419 3799 480 3860 Hoc
496 3806 592 3859 totum
604 3817 704 3878 genus
720 3818 781 3860 non
797 3798 836 3860 ad
849 3793 1088 3882 συστηματικσὶ,
1101 3799 1157 3861 sed

64 3902 106 3966 ad
122 3901 259 3962 earmina
282 3894 385 3964 κατὰ
403 3894 548 3978 στίχον
564 3895 675 3983 scripta
695 3903 802 3965 referri
818 3901 962 3963 debebat.
