2804 4912
159 272 201 335 66
561 290 618 335 ιιιι.
638 292 671 334 ιι.
706 291 768 335 car.
786 290 845 334 xor.

158 443 254 506 thosis
269 445 364 506 unius
379 444 485 509 brevis
499 443 650 524 syllabae.
674 445 776 518 Quare
792 463 900 524 paeon,
916 444 970 523 qui
987 461 1059 505 vere
1073 461 1171 526 paeon
1183 451 1222 503 est

157 543 247 607 valde
263 544 406 610 diversus
428 558 476 609 est
497 546 538 609 ab
558 567 595 608 εο
608 566 742 629 paeone,
768 547 822 627 qni
843 546 992 608 solutione
1013 547 1160 611 nascitur.
1192 545 1222 607 lli

157 649 251 728 enim,
270 659 306 712 ut
320 652 386 732 ipse
402 652 550 731 Creticus,
569 651 649 713 duas
665 669 752 712 arses
767 649 871 730 babet,
891 658 922 710 et
937 650 1038 710 thesin
1054 651 1149 713 unius
1162 657 1221 710 tom

157 754 256 833 poris3
276 753 327 815 ille
342 774 437 817 unam
452 757 546 835 arsin,
566 755 667 816 thesin
683 764 786 817 autem
802 754 894 816 trium
911 762 1096 833 temporum.
1130 750 1222 813 Deiud

156 856 276 936 Cretici,
296 866 332 919 ut
346 856 363 941 §
379 857 449 922 l97.
469 869 628 922 ostensum
642 868 707 939 cst,
725 877 788 920 non
803 857 967 921 cohaerent
981 859 1062 919 inter
1076 875 1111 918 se
1126 853 1221 917 ordini

158 958 220 1022 bus
231 959 409 1042 periodicis;
425 981 559 1045 paeones
569 972 673 1025 autem
685 963 808 1025 omnino
820 963 861 1023 ita
873 961 1046 1040 cohaerent,
1061 968 1093 1022 ct
1103 957 1221 1040 plerum

157 1082 218 1148 quo
228 1063 367 1145 quidem,
384 1065 607 1128 trochaicorum
615 1066 870 1148 dactylorumque
880 1082 1081 1127 numerorum
1090 1061 1221 1143 exemplo

156 1166 307 1248 dipodiis:

242 1267 441 1319 :mmo
648 1271 846 1320 νων-ὐνυ-

155 1373 258 1446 Quare
273 1375 318 1435 sic
331 1373 532 1446 statuendum
547 1385 610 1457 est,
629 1395 741 1439 versus
756 1396 881 1457 omnes,
906 1378 939 1439 in
954 1377 1071 1458 quibus
1093 1393 1151 1456 pos
1166 1375 1221 1439 cte

156 1477 235 1538 tious
250 1479 422 1558 paeonibus
437 1479 595 1542 admixtus
611 1482 798 1562 reperiatur,
819 1482 953 1543 Creticos
969 1499 1053 1559 esse3
1073 1479 1128 1560 qui
1142 1487 1220 1541 auter

155 1599 195 1640 ex
221 1582 308 1660 puris
329 1582 499 1663 paeonibus
528 1592 684 1664 constent,
711 1585 760 1646 vel
783 1604 852 1647 esse
874 1585 1054 1664 paeonioos,
1081 1582 1133 1645 vel
1155 1599 1220 1663 poss

59 1696 61 1700 ’
155 1702 232 1745 εεεε.
266 1685 344 1747 Nam
360 1687 498 1748 Creticus
521 1699 618 1769 quum
641 1706 697 1768 pro
720 1707 838 1769 paeone
859 1689 932 1770 poni
946 1695 1097 1767 nequeat,
1124 1703 1220 1764 sempr

155 1786 267 1850 iudicio
282 1799 331 1850 est
345 1791 466 1853 numeri
481 1808 543 1852 nou
558 1792 714 1872 paeonici;
741 1810 840 1873 paeon
855 1802 977 1873 autem,
1003 1791 1057 1870 qui
1072 1797 1177 1870 potest
1190 1807 1220 1869 pr

155 1890 272 1953 Cretico
284 1894 377 1973 poni,
398 1913 455 1975 per
476 1913 510 1956 se
525 1895 691 1976 ambiguus
713 1904 831 1976 manet,
858 1906 963 1959 utrum
987 1915 1020 1957 re
1035 1911 1111 1959 vern
1132 1910 1220 1974 ροισι

155 2011 195 2053 an
219 1994 329 2056 solutio
345 1996 455 2058 Cretici
476 1998 526 2060 sit.
555 1999 647 2073 Quod
669 1999 729 2061 nisi
747 1998 836 2062 fallor
856 2010 888 2062 et
908 2017 1038 2061 numero
1053 2006 1085 2059 et
1099 2013 1220 2059 mensor

154 2116 288 2177 paeones
303 2119 320 2161 a
336 2099 462 2163 Creticis
478 2100 594 2165 diversi
615 2112 699 2167 sunt.
734 2105 810 2165 Nam
832 2123 930 2183 quum
953 2100 1172 2164 difficillimum
1194 2098 1219 2160 si

155 2219 306 2280 paeones,
333 2221 465 2283 quorum
488 2205 584 2269 thesis
605 2205 646 2267 ad
674 2207 758 2269 arsin
780 2227 848 2269 eam
871 2207 1131 2286 comparationem
1152 2202 1219 2267 hob

154 2321 249 2383 quam
262 2308 280 2366 3
296 2303 336 2368 ad
348 2308 378 2386 2,
394 2309 435 2370 ita
451 2310 589 2390 recitare,
607 2319 644 2371 ut
658 2329 720 2372 non
731 2310 871 2373 acuenda
883 2311 1023 2391 paullum
1035 2307 1219 2375 mediantur

155 2407 298 2471 brevium
321 2410 440 2490 syllaba
463 2413 496 2477 in
512 2414 666 2479 Creticum
687 2433 853 2478 numerum
876 2413 1064 2492 incidamus,
1091 2411 1219 2475 iacilisl

154 2512 299 2594 recitatio,
314 2515 341 2576 si
353 2516 436 2576 arsin
448 2517 601 2579 sumimus
613 2536 720 2598 parem
732 2519 821 2598 thesi,
837 2519 868 2580 h.
884 2538 911 2579 e.
930 2528 993 2580 tres
1005 2535 1108 2579 moras
1119 2514 1219 2578 habat

154 2624 227 2678 tem.
260 2615 304 2679 Ac
318 2620 422 2681 nescio
437 2637 477 2681 an
493 2639 529 2681 co
542 2620 650 2683 relerri
672 2623 793 2704 possint
815 2623 891 2684 haec
905 2619 1048 2682 Aristidis
1063 2619 1219 2693 Quintilio·

155 2738 186 2800 p.
205 2723 255 2781 33.
283 2714 446 2796 σύνθετος
468 2717 506 2785 δέ
528 2716 600 2786 εὀτι
627 2717 745 2808 χρόνος
771 2717 789 2786 ὅ
812 2722 1025 2806 διαιρεῖσθαι
1055 2715 1219 2803 δυνάμενα

152 2815 279 2886 τούτων
294 2818 332 2888 dri
347 2814 441 2905 ὃμὲν
457 2819 647 2891 διπλασίων
668 2821 742 2893 ἐστὶ
756 2830 817 2892 τοῦ
831 2820 987 2912 πρώτου·
1010 2815 1029 2890 ὃ
1053 2819 1092 2889 δὲ
1105 2818 1218 2904 τριπλι

153 2920 250 2990 σίων·
273 2916 292 2991 ὃ
315 2921 353 2992 δὲ
371 2923 643 3015 τετραπλασίαν·
665 2925 759 3017 μέχρι
781 2924 842 3016 γὰρ
858 2923 1019 3016 τετράδος
1036 2924 1212 3014 προῆλθεν

154 3027 319 3117 ῥυθμικὸς
339 3024 466 3113 χρόνος.
500 3034 540 3097 Ει
560 3037 658 3116 magis
680 3037 772 3098 otiam
794 3035 879 3116 quod
892 3034 1097 3098 Aristoxenus
1119 3033 1153 3093 in
1169 3030 1218 3095 Etr

154 3137 266 3197 mentis
291 3136 526 3258 rhythmicisp.
546 3141 619 3201 303.
645 3141 782 3220 scripsit:
807 3134 963 3223 τέταρτοι
988 3133 1026 3201 de'
1048 3127 1134 3207 εἰσιν
1158 3126 1218 3197 oi·

152 3230 307 3324 ἓξασήμῳ
325 3232 519 3322 psyidat·²
497 3259 569 3304 εστι
581 3235 619 3306 δε
633 3261 673 3305 το
660 3235 833 3326 μέγεθος
854 3242 954 3304 τοῦτο
970 3233 1031 3304 δύο
1053 3239 1168 3360 paruis
1177 3255 1218 3301 κο

153 3335 227 3420 νόν,
247 3342 308 3406 τοῦ
328 3362 365 3405 τε
388 3334 549 3424 λαμβικσῦ
572 3340 710 3408 καὶτοῦ
737 3336 948 3409 ὀακτολικοῦ.
972 3336 1065 3407 ἐν
1026 3364 1088 3427 γαρ
1109 3334 1218 3416 cote?

152 3446 253 3530 τριῶν
268 3440 526 3526 λαμβανομένων
541 3440 664 3532 λόγων,
688 3450 750 3512 τοῦ
764 3469 801 3511 τε
814 3439 890 3511 ι’σοο
906 3443 964 3510 καὶ
984 3465 1042 3510 τοι
1029 3436 1218 3510 ”orama

152 3544 210 3611 καὶ
252 3550 314 3610 τοῦ
350 3543 678 3626 πενταπλασίοο,“
662 3573 680 3615 ο
718 3546 779 3632 μὲν
821 3549 1011 3624 τελευταῖος
1038 3544 1157 3635 ῥηθεὶς
1186 3565 1217 3608 οι

154 3645 321 3741 ἔρρυθμός
335 3645 425 3716 ἐστι·
448 3653 513 3716 τῶν
527 3648 566 3718 δὲ
585 3650 794 3736 λειπομένων
814 3655 866 3736 (sio
880 3673 937 3734 pro
952 3647 1136 3737 λεγομένων
1164 3668 1217 3714 scr·

153 3755 300 3838 bendum)
336 3747 355 3817 ὁ
385 3750 447 3836 μὲν
474 3757 536 3819 τοῦ
563 3747 639 3823 ἴσου
670 3751 770 3843 λόγος
799 3749 848 3832 εἷς
869 3751 907 3821 τὸ
935 3749 1133 3821 δακτυλικὸν
1154 3746 1217 3839 μένε

153 3853 363 3938 ἐμπεσεῖται·
386 3851 405 3923 ὁ
429 3855 468 3924 δὲ
488 3861 549 3924 τοῦ
570 3853 753 3925 διπλασίου
778 3852 828 3936 εἰς
848 3853 888 3923 τὸ
911 3851 1077 3943 λαμβικόν.

190 4083 193 4089 ·
240 4065 264 4147 ᾗ
281 4062 356 4133 199.
382 4067 497 4131 lletrici
513 4068 650 4150 quidem,
669 4071 724 4150 qui
740 4069 836 4130 solam
853 4070 1025 4150 simplicem
1041 4078 1072 4129 et
1086 4068 1217 4150 duplica

154 4189 331 4234 mensuram
347 4170 553 4251 admiserant,
573 4173 648 4234 nibil
665 4174 746 4234 inter
760 4173 896 4238 Creticos
911 4181 942 4232 ει
957 4190 1090 4252 paeones
1106 4171 1217 4235 diversi
