2804 4912
623 118 660 159 uo
675 116 829 160 moseum.
941 92 946 100 ’
1227 99 1267 162 23

172 271 272 342 Quin
290 271 380 330 etiam
401 270 523 330 vocales
544 268 650 349 longas
673 271 856 351 corripiunt,
882 270 935 333 uhi
950 271 1056 333 ultima
1072 271 1211 351 eliditur,
1237 281 1272 334 ut

174 373 312 435 eunome
327 373 397 450 hur,
416 373 516 434 secane
531 372 600 433 hoe.

276 575 367 666 580.
399 580 540 641 Hiatus
559 580 595 640 lit
610 598 684 640 voce
703 580 735 639 in
750 579 886 639 vocalem
902 578 1062 642 desinente
1078 589 1149 642 ante
1166 601 1271 642 vocem

168 681 385 763 incipientem
400 689 418 743 a
433 681 540 743 vocali.
573 682 653 743 Eum
674 683 731 743 etsi
754 683 787 742 in
800 683 981 745 universum
998 683 1094 746 vitare
1109 685 1206 764 poetis
1222 685 1272 747 lex

166 791 243 861 est,
278 794 379 847 tamen
394 786 484 846 certis
500 783 725 847 conditionibus
746 770 925 847 admittitur.
958 783 1051 866 Apud
1066 796 1185 849 veteres
1200 789 1271 868 epi-

162 903 223 947 cos
260 889 440 950 Graecorum
458 886 545 949 multi
562 873 705 950 videntur
720 888 830 968 magis,
850 900 943 968 quarn
960 901 1033 952 sunt
1047 882 1168 969 hiatus,
1188 910 1271 971 quo-

159 987 274 1051 nian]
293 978 337 1051 1111
358 988 512 1070 digamma
527 990 736 1071 usurpabant,
763 992 847 1071 quod
864 992 897 1053 ih
920 980 1081 1055 scribendo
1104 990 1193 1055 adiici
1209 1014 1271 1055 uon

157 1089 277 1156 solet.
303 1094 406 1156 Simile
421 1093 505 1175 apud
520 1088 641 1156 Latinos
657 1103 713 1172 est,
733 1092 817 1174 quod
833 1096 900 1158 Car.
917 1096 1043 1177 Lingius
1058 1099 1089 1158 ih
1105 1098 1272 1171 Quaestio-

156 1198 482 1259 numPlantinarum
492 1196 570 1259 libro
581 1199 690 1279 primo,
702 1198 768 1258 sive
779 1195 818 1259 de
826 1189 912 1259 hiatu
920 1199 952 1259 in
961 1192 1103 1262 versibus
1112 1200 1267 1280 Plautinis,

156 1293 379 1379 observavit,
406 1301 460 1381 qui
479 1300 603 1362 libellus
624 1298 727 1362 editus
742 1310 789 1362 est
802 1300 1000 1364 Vratislaviae
1022 1323 1049 1364 a.
1070 1312 1267 1365 croroeoexvu.

154 1415 282 1483 saepe
312 1403 396 1485 apud
421 1404 563 1466 Plautum
586 1403 722 1465 vocalem
750 1413 821 1466 ante
844 1425 956 1466 nomen
985 1406 1068 1467 homo
1098 1426 1159 1468 non
1185 1407 1267 1486 elidi,

154 1503 265 1578 quia
282 1507 338 1568 hoc
358 1526 469 1569 nomen
489 1507 656 1588 pleniorem
679 1506 917 1586 adspirationem
944 1509 1089 1570 habuisse
1117 1510 1220 1571 videat
1207 1518 1267 1588 tur,

154 1602 184 1663 in
215 1625 329 1690 quam
352 1629 416 1671 rem
437 1618 508 1689 apte
524 1612 773 1672 commemoravit
791 1610 944 1691 hodieque
966 1621 1119 1724 servatam
1134 1613 1175 1674 ab
1190 1613 1272 1675 ltalis

155 1703 272 1775 hane
284 1714 573 1795 pronuntiationem,
592 1732 678 1776 nomo
694 1712 878 1775 dicentibus.

276 1916 367 1999 581.
400 1917 444 1981 Ae
464 1894 617 2000 legitimus
637 1929 734 1981 estet
755 1922 946 1984 necessarius
968 1921 1069 1984 hiatus
1092 1923 1121 1983 in
1143 1923 1271 1985 vocibus

162 2022 400 2085 exclamationi
423 2023 663 2085 inservientibus
686 2023 935 2105 quibuscumque
962 2034 993 2086 et
1018 2045 1213 2106 quocumque
1238 2029 1269 2086 in

157 2132 298 2194 genere
315 2129 420 2206 metri,
446 2136 481 2189 ut
495 2126 580 2207 apud
595 2127 774 2208 Sophoclem
790 2130 820 2188 in
844 2124 967 2191 Philoct.
988 2131 1059 2190 832.
1079 2127 1173 2191 111111.
1196 2132 1266 2190 tut.

156 2218 191 2277 5¹1
223 2225 351 2291 Acrisio
366 2249 415 2311 ap.
435 2230 520 2292 Stob.
540 2232 638 2291 Serm.
658 2232 731 2291 Vlll.
752 2232 781 2290 1.

276 2323 329 2395 ἴθι
344 2323 401 2395 ἴθι
415 2352 475 2413 μοι
491 2327 610 2394 παιών.

277 2425 347 2496 ἀλλ’
363 2425 426 2497 divo
443 2429 479 2513 ἒξ
492 2424 647 2516 ἑδράνων.

276 2538 339 2622 βοᾷ
354 2559 416 2615 τις,
434 2525 498 2599 ὦ
477 2529 606 2600 ακούετ’
608 2527 808 2623 ,ἢμοῖτηνν
789 2530 876 2610 dieb

161 2628 305 2702 Deinde
325 2642 398 2702 lh”
379 2660 416 2703 ns
440 2641 580 2720 vocibus,
607 2650 687 2721 quae
709 2640 865 2703 elisionem
889 2659 949 2701 non
973 2640 1154 2718 admittunt,
1180 2649 1216 2701 ut
1237 2633 1272 2701 τί

166 2720 296 2822 ἔστιν,
316 2736 351 2806 ti
338 2730 449 2821 1,·0111
471 2738 549 2826 περὶ
573 2737 840 2824 11111111111111111
865 2753 966 2804 tamen
989 2744 1093 2823 tragici
1116 2743 1270 2805 abstinere

169 2790 341 2910 udedu'r
375 2849 418 2909 Eo
432 2849 565 2926 pertinet
579 2849 691 2927 hiatus,
715 2867 768 2927 qm
760 2848 818 2908 11
806 2857 888 2927 tper
902 2848 1049 2926 genitivos
1064 2847 1095 2906 in
1112 2858 1152 2909 oto
1169 2856 1200 2907 et
1215 2864 1269 2907 οιο

175 2942 377 3031 terminatos,
396 2969 528 3030 quornm
544 2951 682 3012 nltimam
699 2968 759 3012 non
775 2951 846 3012 licet
859 2949 942 3011 elidi.
970 2951 1003 3010 V.
1020 2950 1095 3012 diss.
1116 2949 1155 3011 de
1171 2959 1269 3011 aetate

177 3037 488 3134 01'pheidrgonaut
508 3073 539 3134 p.
560 3046 631 3114 721.
651 3068 736 3133 seqq.

274 3257 366 3339 §82
400 3262 433 3321 lo
454 3259 611 3340 dactylicis
634 3260 770 3321 numeris
789 3259 874 3340 apud
895 3259 1024 3320 Graecos
1047 3259 1200 3339 legitimus
1223 3270 1269 3321 est

182 3344 305 3443 hffllns,
332 3366 385 3444 qui
402 3366 436 3425 11
450 3372 586 3442 correpta
602 3364 690 3443 longa
706 3362 803 3424 vocali
825 3363 873 3424 vel
890 3343 1077 3473 diphthongo
1092 3371 1163 3424 ante
1178 3363 1269 3424 aliam

183 3465 350 3527 vocalem·
342 3487 373 3527 m
390 3467 538 3545 thesi,ut

275 3548 420 3652 ἄνδρα
393 3590 453 3648 μοι
468 3562 592 3646 ahorne,
608 3556 746 3646 Μοῦσα,
764 3550 1025 3651 πολύτροπον,
1006 3588 1043 3642 ος
1056 3561 1147 3648 μάλα
1163 3563 1271 3629 πολλὰ

273 3665 476 3756 πλάγχθη,’
459 3693 534 3734 ercet
526 3662 700 3757 Tpot'qg‘
689 3664 777 3754 ιερὸν
791 3663 1035 3754 πτολίεθρον”
1012 3691 1158 3757 aurocen.
1235 3752 1240 3761 ⁴

182 3749 280 3834 Quod
296 3777 374 3837 litt
343 3785 374 3836 et
376 3777 435 3836 iam
451 3777 482 3836 in
498 3777 576 3837 thesi
591 3776 705 3838 soluti
698 3794 728 3836 m
745 3775 931 3837 tribrachum
948 3775 1089 3854 trochaei,
1109 3773 1164 3836 sed
1179 3793 1264 3836 raro:

182 3863 507 3959 ιι1111111111111111113Ι
528 3870 619 3940 T‘aur
642 3870 711 3940 191.

276 3975 378 4066 φόνος
393 3976 451 4043 ἐπὶ
467 3975 570 4066 φόνῳ,
588 3971 713 4061 α’χεοί)
685 4002 704 4042 τ
730 3970 851 4060 α’χεοιν.
