2804 4912
512 318 549 361 us
564 316 697 359 molum
713 314 875 358 nonomen.
1185 295 1244 357 159

246 467 364 552 5448.
397 471 588 534 Pentametro
616 468 791 531 catalectico
818 469 851 528 in
877 465 1071 546 trisyllabum
1101 482 1178 527 usus
1201 475 1249 527 est
1285 518 1288 525 .

156 575 376 657 Theopompus
392 576 424 635 iu
438 565 581 636 Παισίνε

246 687 343 756 πάντ’
368 685 486 777 ἀγαθὰ
501 686 543 778 δὴ
558 687 688 777 γέγονεν
703 681 862 774 ἀνδράσιν
877 684 960 775 ἐμῆς
974 681 1044 752 ἀπὸ
1061 680 1247 764 συνουσίας.

157 817 216 877 llic
230 833 355 897 quoquc
369 814 494 883 videtur
516 832 675 877 caesuram
698 815 730 873 in
753 811 883 874 secundi
904 811 994 892 pedis
1010 811 1070 873 fine
1085 811 1241 874 habuisse.

97 1104 101 1111 Ι
244 1020 360 1105 δ449.
376 1020 646 1097 Quemadmodum
654 1021 887 1099 contractiones
898 1029 933 1083 ut
944 1038 1038 1101 supra
1046 1018 1245 1100 dictum‚non

94 1170 96 1175 -
156 1124 297 1189 admittit
315 1127 374 1189 hoc
399 1136 529 1189 metrum
552 1142 609 1205 per
631 1125 752 1186 numeri
773 1125 871 1204 leges,
899 1126 940 1186 ita
960 1125 1126 1186 solutiones
1142 1141 1244 1186 arseos

155 1248 263 1313 nequo
277 1239 445 1311 usurpatae
460 1238 544 1308 suut,
562 1247 621 1290 nco
634 1236 803 1308 potuerunt
817 1229 971 1308 usulpani‚
990 1229 1016 1289 si
1032 1236 1114 1289 recte
1130 1229 1245 1289 statui-

94 1342 96 1347 '
155 1352 231 1395 mus
245 1352 331 1397 arses
352 1334 409 1396 tria
432 1343 569 1415 tempora
592 1331 717 1393 babere.
751 1331 1100 1410 Elegantissimivensus
1123 1331 1244 1393 suntin

154 1434 372 1519 Alistophanis
387 1434 507 1500 Avibus
525 1440 596 1497 ato.

247 1545 325 1621 οὔτε
347 1551 407 1641 γὰρ
430 1546 509 1640 δρος
525 1549 655 1638 σκιερὸν
679 1545 752 1617 olfac
774 1551 875 1642 νέφος
897 1546 1051 1640 οὐράνιον

246 1648 323 1724 olea
345 1654 467 1723 πολιὸν
488 1653 635 1743 πέλαγός
657 1652 756 1735 ἐστιν,
775 1652 795 1721 ὅ
814 1680 848 1721 τι
871 1653 1000 1737 δέξεται

244 1754 323 1826 τάδ’
340 1753 555 1850 ἀποφυγόντε
568 1784 621 1844 με.

155 1886 281 1958 Quibus
304 1887 357 1965 qui
387 1887 418 1945 in
441 1885 564 1963 stropha
587 1903 618 1945 v.
647 1886 719 1946 333.
747 1883 933 1965 respondere
955 1881 1088 1961 debent,
1120 1896 1243 1966 recepta

154 1988 339 2051 scholiastae
361 1986 765 2070 impeditioremverborum
785 1988 1033 2067 compositionem
1050 1987 1243 2069 expedientis

94 2112 96 2117 ·
153 2092 361 2173 explicatione
376 2092 562 2172 turpissimis
578 2089 782 2153 solutionibus
803 2089 933 2171 foedati,
953 2091 996 2151 sic
1011 2089 1157 2155 videntur
1172 2113 1244 2155 cor-

153 2196 276 2276 rigendi
289 2215 372 2259 esse:

245 2309 280 2392 ἔς
301 2338 336 2381 ιε
361 2303 460 2380 δόλον
484 2308 522 2390 δς
534 2306 569 2397 μ’
586 2309 742 2380 ἐκάλεσεν
764 2308 953 2398 παρέβαλέν
975 2309 1011 2378 τέ
1029 2337 1071 2397 με
1093 2309 1173 2404 παρ’

244 2411 327 2497 ἐξότ’
352 2413 499 2504 ἐγένοντο
523 2411 616 2503 γένος
636 2410 696 2498 οάχ
724 2410 818 2480 ὅσιον
840 2409 924 2505 ἀμφ’
949 2413 1025 2499 ἐμοὶ

243 2518 302 2586 καὶ
323 2518 486 2602 πολέμιον
500 2516 636 2609 ιραφέν.

242 2729 265 2811 5
281 2727 358 2794 450.
384 2732 521 2793 Paeouici
537 2731 701 2793 catalectici
717 2732 748 2792 io
765 2730 968 2811 disyllabum,
988 2732 1061 2793 item
1077 2737 1241 2796 anacrusin

153 2834 320 2896 iambicam
332 2834 492 2915 habentes,
509 2854 577 2897 ram
593 2836 804 2897 inveniuntur.
829 2834 978 2916 Exempla
990 2837 1136 2898 nonnulla
1149 2837 1242 2899 habet

152 2937 311 3018 Aristoph.
331 2939 363 3000 in
379 2940 506 3018 Lysistr.
526 2940 557 2999 in
573 2939 718 3018 carmine,
738 2936 822 3017 quod
837 2947 884 3000 est
899 2957 916 2999 ε
932 2957 962 3000 v.
983 2940 1054 3000 tul.

242 3048 343 3133 αὐτὸς
368 3051 418 3122 ἔτι
438 3059 522 3135 παῖς
542 3047 597 3122 ἀν’ν.

242 3155 374 3248 φεύγων
395 3156 501 3246 γάμον
523 3153 654 3248 ἀφίκετ’
677 3155 710 3236 ἐς
733 3154 880 3247 ἐρημίαν,

239 3257 302 3327 κάν
323 3263 396 3340 τοῖς
410 3254 521 3347 δρεσιν
537 3254 629 3349 ᾤκει,

240 3354 314 3452 κάτ’
338 3362 545 3454 δλαγοδήρα,

239 3464 447 3553 πλεξάμενος
462 3460 573 3553 άρκνς,

240 3569 299 3636 καὶ
319 3568 401 3636 κάνα
423 3566 484 3637 τίν’
501 3563 597 3653 εἶχεν,

241 3666 374 3741 κσάκέσι
394 3674 544 3763 κατῆλθε
564 3671 668 3740 πάλιν
688 3667 797 3743 οἴκαδ’
819 3673 886 3746 ἀπὸ
907 3674 1036 3762 μλσοος.

541 3991 848 4002 unm
