2804 4912
360 338 396 378 nu
413 336 586 379 srsreunrrs
602 338 904 397 aurrsrnormconm.
1117 323 1179 385 247

182 487 295 572 3685.
326 484 407 552 Ἀπὸ
430 490 549 575 σκηνῆς
567 499 713 554 vocantur
727 493 845 570 omnia,
871 511 950 572 quae
966 493 1006 555 ab
1025 495 1178 557 actoribus

136 595 151 654 l
166 598 330 657 recitantur
345 597 394 656 vel
418 604 580 657 canuntur.
608 596 721 656 llorum
738 615 783 673 ea,
803 614 881 675 quae
897 592 1059 676 canuntur,
1078 598 1179 659 inter-

136 718 174 759 rm
189 688 420 778 ἀπολελυμένα
441 708 530 776 sunt,
558 697 613 760 sed
635 698 826 780 frequentius
847 701 1064 783 antistrophica
1078 701 1179 763 artifi-

136 803 208 867 osius
222 801 379 883 disposita.

181 1032 296 1116 5686,
324 1037 402 1097 Raro
424 1035 508 1097 solus
531 1036 643 1097 chorus
665 1036 697 1096 in
712 1045 815 1116 partes
831 1035 949 1098 divisus
964 1037 1179 1118 antistrophiea

136 1139 189 1202 het
202 1141 364 1202 artificioso
379 1137 484 1200 ordine
500 1140 662 1220 implicata.
690 1134 875 1220 Exemplum
892 1140 1018 1202 allatum
1033 1139 1050 1222 ᾗ
1069 1143 1139 1201 682.

181 1369 296 1453 5687.
323 1374 407 1435 Patet
422 1373 498 1434 haec
512 1372 800 1453 antistrophicorum
814 1374 1004 1455 complicatio
1019 1374 1177 1452 latissime,

147 1497 206 1538 nou
221 1474 311 1537 modo
324 1477 461 1557 singulae
472 1476 626 1557 strophae,
642 1476 697 1538 scd
713 1495 804 1557 saepe
819 1478 910 1537 etiarn
924 1478 1011 1558 plura
1025 1497 1063 1538 ex
1077 1479 1180 1540 multis

136 1581 228 1661 ophis
244 1582 408 1661 composita
426 1589 592 1660 systemata
606 1580 656 1640 vel
671 1579 792 1641 adnexa
807 1578 876 1659 sibi,
898 1580 945 1641 vol
962 1582 1042 1642 inter
1054 1601 1087 1643 se
1103 1601 1182 1642 oon-

136 1694 196 1746 tcta
213 1686 282 1746 sint.

179 1912 297 1998 §688
338 1917 514 1994 Numquam
547 1916 629 1979 enirn
660 1925 775 1977 temere
804 1925 835 1976 et
864 1917 930 1977 sine
960 1926 1041 1978 certo
1076 1916 1182 1979 or'dine

136 2039 189 2100 que
220 2019 340 2098 aequali
368 2020 562 2099 proportione
588 2020 646 2080 hae
675 2003 871 2099 stropharum
894 2019 1101 2100 copulationes
1131 2020 1183 2081 fa·
1286 2024 1299 2043 '

136 2143 161 2184 te
177 2131 260 2184 sunt.
295 2121 355 2182 Sed
372 2123 526 2184 interdum
543 2121 665 2184 dillicile
681 2133 745 2201 est,
768 2122 848 2184 hane
862 2124 1077 2203 aequalitatem
1094 2143 1183 2184 corn-

136 2227 286 2287 rationum
313 2225 469 2304 invenire,
503 2235 556 2288 aut
587 2227 744 2287 inventam
775 2228 817 2288 ita
839 2228 1008 2308 explicare,
1041 2236 1077 2289 ut
1101 2228 1182 2289 clare

136 2338 249 2410 pareat.
284 2328 374 2401 Quod
389 2338 493 2391 tamen
508 2331 718 2391 necessarium
734 2339 798 2408 est,
826 2331 898 2410 quia
913 2332 1001 2393 aliter
1024 2350 1085 2391 non
1101 2342 1182 2393 reete

136 2434 257 2495 istituta
281 2450 349 2493 esse
372 2432 589 2513 antistrophica
613 2431 801 2511 intelligitur.
843 2434 964 2514 Optima
988 2445 1019 2495 ct
1041 2434 1181 2496 facillima

139 2534 343 2597 inveniendae
373 2545 404 2598 et
426 2534 683 2598 demonstrandae
707 2536 799 2598 huius
822 2537 1016 2618 aequalitatis
1037 2540 1086 2600 via
1109 2539 1184 2600 haec

136 2639 219 2702 letur
255 2659 337 2718 esse,
379 2643 405 2702 si
440 2640 579 2720 singulae
617 2637 764 2720 deinceps
800 2641 944 2720 strophae
975 2650 1067 2721 atque
1098 2644 1183 2703 anti-

136 2743 236 2823 ·ophae
252 2763 288 2804 eo
310 2743 433 2820 ordine,
460 2762 522 2822 quo
544 2762 612 2805 sese
635 2744 666 2803 in
696 2744 830 2803 carmine
854 2762 978 2824 quoque
1009 2746 1176 2825 excipiunt,

136 2848 174 2907 tis
187 2845 374 2925 quibusdam
386 2847 570 2925 indicantur,
586 2846 775 2926 antistropha
785 2865 909 2928 quaque
921 2846 1073 2926 eamdem,
1089 2866 1181 2927 quarn

136 2949 236 3030 opha,
262 2959 364 3012 notam
385 2950 536 3029 habente,
563 2969 678 3030 eaeque
694 2959 784 3012 notae
799 2949 927 3030 deindo,
955 2969 1035 3030 quae
1056 2949 1181 3012 eaedem

136 3062 179 3133 nt,
198 3053 285 3114 lineis
302 3053 580 3115 semicircularihus
592 3055 837 3133 coniunguntur:
858 3072 919 3133 qua
935 3054 1050 3116 ratione
1062 3055 1183 3135 pictura

135 3158 251 3218 ascitur
273 3157 445 3219 luculenter
464 3157 624 3236 aequalem
646 3158 779 3237 partium
799 3158 1026 3238 proportionem
1055 3159 1183 3239 conspi-

136 3257 235 3321 rndam
251 3261 420 3323 exhibens.-

181 3491 205 3573 ᾗ
219 3489 296 3556 689.
324 3495 392 3555 Fuit
404 3503 508 3554 nutem
520 3503 641 3556 tantum
656 3495 688 3571 in
700 3495 797 3574 poetis
814 3493 873 3554 illis
889 3494 1028 3556 studium
1040 3495 1183 3573 aequali-

136 3597 177 3673 is,
198 3606 232 3656 ut
247 3598 337 3658 etiarn
350 3616 552 3678 personarum
568 3597 649 3656 vices
661 3595 770 3658 eadem
782 3595 946 3676 diligentia,
966 3617 1027 3678 qua
1043 3598 1184 3679 strophas

142 3711 238 3761 metra
255 3701 454 3782 disponerent
469 3711 499 3762 et
514 3703 594 3762 inter
609 3701 691 3781 ipsas
707 3709 932 3780 exaequarent,
952 3719 1036 3763 nuno
1051 3703 1083 3765 in
1098 3685 1183 3762 anti-

136 3805 221 3885 ·opha
243 3805 352 3866 eodem
375 3805 495 3883 ordine,
531 3824 591 3883 quo
615 3805 646 3864 in
670 3804 812 3884 stropha,
841 3807 1038 3866 nuncetiam
1061 3806 1183 3868 inverso

136 3909 219 3986 line,
239 3928 399 3989 quumque
415 3910 446 3969 iu
462 3907 571 3970 mediis
587 3905 730 3968 versibus
755 3915 915 3969 mutantur
935 3925 1099 3989 personae,
1125 3930 1183 3972 eo-

138 4033 167 4072 rn
189 4012 351 4091 utrobique
373 4014 404 4072 in
426 4012 504 4092 pede
526 4011 677 4092 pedisque
700 4010 773 4072 loco.
814 4008 900 4072 Vnde
921 4030 1013 4092 saepe
1038 4013 1113 4074 haee
1132 4031 1182 4074 res

136 4115 242 4177 licium
272 4115 343 4176 facit
377 4132 578 4195 personarum
608 4115 687 4176 male
716 4115 749 4174 in
779 4112 935 4176 codicibus
966 4114 1178 4176 indicaturum.

136 4221 245 4301 templo
261 4221 301 4281 sit
321 4237 461 4298 carmen,
486 4218 571 4300 quod
586 4229 634 4283 est
653 4219 685 4279 in
701 4216 872 4283 Troadibus
892 4237 910 4279 a
931 4237 959 4279 r.
983 4218 1074 4280 last.
1102 4216 1185 4298 quod
1239 4263 1246 4274 .
