2804 4912
247 283 288 345 39
574 308 579 315 ·
664 304 721 346 tu.
740 305 761 346 r.
796 305 858 347 aar.
877 306 905 347 x.

243 454 328 534 bont,
347 457 388 516 ita
404 456 437 516 in
451 474 546 519 versu
559 454 711 537 collocari,
728 466 764 519 ut
778 459 857 519 ictus
873 458 904 519 in
919 460 1049 536 primam
1066 456 1199 536 incidat,
1220 465 1255 518 ut
1269 457 1330 538 fd-

243 559 346 638 milio,
365 559 505 639 miseric,
533 560 668 641 te'tipcro,
686 560 836 622 ceciderit.
870 560 986 622 Deinde
1009 560 1064 622 ubi
1084 561 1224 622 ultimam
1247 559 1331 621 duae

244 661 349 742 longae
364 660 570 743 praecedunt,
597 663 672 725 elisa
694 664 817 745 ultima,
844 664 956 725 retrahi
979 673 1138 726 accentum
1158 665 1190 724 in
1206 665 1330 725 tertiam

242 783 259 825 a
277 765 354 826 line:

326 889 414 966 poeto
428 903 518 968 quum
531 887 664 964 primum
680 889 813 957 dalmtun
829 888 870 953 od
883 872 1214 968 scribendom'dppolit.

241 1007 276 1077 ln
292 1006 397 1084 primis
413 1006 505 1069 etiam
520 1005 742 1069 attendendum
757 1008 798 1071 ad
813 1008 963 1070 dictiones
977 1008 1151 1088 enclitieas‚
1172 1027 1250 1087 quas
1263 1010 1330 1068 La-

241 1109 304 1169 tina
320 1127 444 1188 quoque
458 1109 560 1190 lingua
577 1111 690 1172 multas
705 1111 808 1175 hahet.

328 1330 443 1413 §tul
470 1335 504 1394 ln
526 1334 610 1395 initio
632 1335 793 1410 orationis,
819 1345 850 1397 et
871 1336 926 1397 ubi
948 1333 1024 1414 quid
1042 1335 1250 1414 significanter
1266 1334 1329 1407 diei

241 1437 403 1515 volumus,
429 1455 534 1497 vocem
558 1438 653 1517 magis
675 1439 810 1500 solemus
831 1437 1001 1500 intendere.
1043 1439 1118 1498 Hinc
1145 1440 1330 1500 intensio

242 1540 353 1603 vocis
368 1541 400 1599 in
414 1541 513 1620 prima
529 1541 590 1602 arsi
604 1559 713 1602 versus
725 1541 836 1611 heroici
851 1540 1068 1621 producendae
1083 1541 1170 1602 brevi
1185 1541 1330 1621 syllabae

240 1641 405 1720 aliquando
420 1643 565 1723 inservit,
585 1652 621 1706 ut
634 1644 720 1709 Iliad.
740 1640 769 1711 d.
785 1647 855 1707 tta.
876 1665 901 1709 ε.
918 1648 991 1707 359.
1009 1666 1038 1723 χ.
1057 1647 1127 1707 379.
1147 1650 1186 1727 ψ.
1204 1643 1233 1703 a.

327 1754 406 1848 φίλε
420 1755 604 1848 anciritano,

325 1857 443 1949 ἐπειδὴ
457 1859 537 1951 νῆάς
551 1887 588 1929 τε
602 1861 660 1929 καὶ
670 1859 908 1953 Ἑλλήςποντον
921 1864 1042 1930 ἵκοντο.

240 1984 390 2046 Hesiodus
406 1987 441 2048 0.
461 1999 492 2048 et
506 1988 541 2049 D.
564 1991 633 2049 l36.

326 2098 424 2188 δρυὸς
439 2098 553 2187 ἔλυμα,
571 2100 648 2192 γύην
663 2102 792 2193 πρίνου,
808 2101 869 2189 βόε
884 2098 914 2170 d'
931 2100 1120 2193 ἐνναετήρω.

240 2226 391 2307 Theognis
406 2247 436 2288 v.
455 2230 546 2289 t075.

185 2345 189 2352 '
324 2339 446 2430 βρόχον
461 2337 662 2434 ἀποῤῥήξας.

239 2464 356 2528 Eodem
367 2469 500 2548 pertinet
517 2471 549 2529 in
561 2468 738 2530 nominibus
750 2470 882 2551 propriis
894 2470 972 2531 lacta
985 2468 1155 2549 productio,
1171 2467 1224 2529 ubi
1238 2489 1329 2549 pon—

239 2569 299 2631 dus
315 2571 438 2652 aliquod
453 2574 485 2632 in
500 2573 537 2632 iis
552 2573 642 2635 inest.
668 2569 839 2653 Aeschylus
852 2575 883 2634 S.
898 2572 1002 2634 adTh.
1021 2574 1091 2635 tet.
1106 2575 1177 2639 otte.
1198 2573 1329 2652 Sopho-

238 2673 299 2737 cles
315 2693 364 2757 ap.
383 2676 526 2741 Priscian.
546 2694 577 2754 p.
592 2677 684 2736 l328.

322 2787 587 2875 Ἱππομέδοντος
601 2796 709 2880 σχῆμα
723 2788 782 2856 καὶ
795 2790 898 2878 μέγας
913 2789 1027 2869 τύπος.

324 2897 596 2979 Παρθενοπαῖος
610 2889 745 2981 Ἀρκάς·
762 2890 780 2958 ὁ
797 2893 835 2960 δὲ
849 2888 971 2972 cordrd’
988 2889 1077 2987 ἀνήρ.

314 2992 562 3086 Ἀλφεοίβοιαν,
578 2991 617 3086 ἢν
632 2993 651 3062 d
666 2993 822 3087 γεννήσας
835 2997 956 3088 πατήρ.

322 3221 439 3307 §102
465 3226 739 3304 Interpunctio
761 3226 1054 3307 deniquequoniam
1077 3228 1245 3288 consistere
1262 3248 1328 3291 vo-

237 3348 303 3390 cem
320 3338 351 3389 et
365 3329 498 3408 aliquam
514 3347 644 3408 pausam
659 3330 724 3391 lieri
739 3330 884 3409 postulat,
903 3332 934 3390 in
950 3329 1137 3410 quibusdam
1153 3332 1327 3410 generibus

237 3452 394 3510 versuum,
415 3442 449 3493 ut
469 3434 499 3492 in
516 3431 717 3512 dochmiacis,
743 3433 899 3495 interdum
919 3433 992 3495 facit
1013 3443 1048 3497 ut
1071 3434 1188 3515 syllaba
1205 3435 1321 3516 finalis,

237 3555 317 3616 quae
332 3535 437 3597 brevis
460 3543 523 3613 est,
549 3534 747 3615 producatur.
781 3535 871 3609 Quod
893 3547 963 3616 post
978 3537 1240 3617 compellationem
1257 3558 1325 3618 po-

236 3641 400 3716 tissimum,
418 3647 450 3699 et
463 3640 726 3719 exclamationem,
744 3648 776 3701 et
789 3640 1054 3719 interrogationem
1070 3641 1145 3719 fieri,
1165 3640 1325 3704 observa-

235 3741 445 3811 vitSeidlerus
456 3744 488 3803 in
499 3743 625 3822 epistola
638 3742 677 3804 ad
686 3743 816 3811 Lobeclr.
842 3741 925 3805 Aiaci
937 3743 1030 3805 huius
1041 3743 1184 3805 adiuncta
1196 3763 1227 3823 p.
1243 3745 1321 3806 435.

236 3864 322 3925 seqq.
342 3855 372 3906 et
388 3845 426 3907 de
441 3864 539 3909 verss
558 3845 678 3909 dochm.
696 3866 728 3927 p.
739 3846 790 3909 te.
809 3865 896 3926 seqq.
923 3847 963 3907 Et
976 3846 1060 3925 apud
1073 3849 1224 3915 Romanos
1240 3850 1323 3926 qui-

237 3947 308 4015 dem
324 3949 460 4012 scenicos
475 3952 564 4013 otiam
581 3951 612 4010 in
628 3950 787 4022 trochaicis
802 3950 950 4028 numeriS,
969 3958 1004 4010 ut
1019 3951 1048 4008 in
1058 3950 1154 4011 Plauti
1161 3950 1316 4031 Militant.

236 4051 266 4131 2,
287 4054 337 4113 3l.

320 4192 483 4254 οιποοιιοοι
498 4175 603 4256 edepol
616 4175 683 4237 vidi
691 4176 847 4254 prdmere:
865 4193 970 4236 verum
986 4173 1038 4236 lule
1054 4183 1131 4237 eret.
