2804 4912
464 212 500 253 ua
515 210 603 252 vaist
619 209 756 253 nasama.
1097 190 1156 250 tas

131 382 148 423 ο
164 365 239 444 quia
255 364 333 425 lanis
348 372 412 442 est,
439 364 688 444 frequentissima
704 363 797 423 estin
814 361 897 423 molli
913 371 1104 441 argumenta,
1124 371 1159 423 ut

132 467 227 527 losahi
243 467 398 548 epitaphio
415 467 525 529 Bionis.
559 465 677 528 Eadem
691 465 915 528 volubilitatem
931 473 1032 545 auget.
1067 465 1153 527 llam.

146 565 176 630 λ.
198 571 271 631 598.

155 676 269 765 αὖτις·
291 682 411 754 ἔπειτα
433 684 576 754 πέδονδε
597 679 768 752 κυλίνδετο
791 685 877 763 λᾶος
898 677 1048 772 ἀναιδής.

155 929 272 1012 3314.
299 932 423 1010 Nona,
449 933 480 994 in
497 931 557 994 fine
573 932 653 994 tertii
669 930 775 1013 pedis,
802 950 944 1011 perrara,
964 932 1109 1011 quoniam
1127 933 1156 991 in

133 1055 150 1098 s
164 1036 310 1116 aequales
325 1044 429 1117 partas
446 1054 569 1097 versum
586 1034 708 1114 dividit,
727 1032 864 1096 admissa
879 1054 896 1096 a
910 1035 1031 1115 Viigilio
1047 1034 1153 1115 Georg.

133 1141 183 1202 58.

157 1259 303 1322 meantibus
319 1257 563 1342 aiidirisraqor:
582 1267 659 1323 -aut
673 1259 852 1346 resonantia
864 1258 959 1340 lonye.

158 1500 179 1583 5
194 1498 271 1566 315.
298 1501 472 1580 Decima,
491 1501 524 1562 in
536 1509 646 1581 quarta
661 1501 733 1580 arsi,
748 1519 829 1581 quae
844 1490 1083 1586 ὲφδημιμερὴς
1098 1520 1158 1562 νο-

134 1623 168 1666 ir.
200 1604 285 1666 Idem
302 1605 409 1685 Georg.
429 1606 451 1666 1.
471 1604 544 1665 att.

158 1763 213 1804 οοο
230 1745 331 1820 alt'ter,
346 1761 437 1825 quam
452 1743 505 1824 qui
518 1741 727 1805 adverso-vua
738 1742 861 1823 flumine
877 1741 1004 1805 lembum

159 1846 291 1928 remiyiis
304 1845 425 1927 subiyit.

157 2084 271 2169 5316.
298 2086 447 2149 Vndeci
461 2105 535 2165 ma,
563 2088 593 2147 in
618 2085 718 2149 media
740 2087 820 2148 thasi
835 2095 955 2168 quarta,
978 2106 1057 2168 quae
1074 2082 1159 2150 κατὰ

135 2208 226 2271 αοτον
241 2187 397 2274 τροχαῖον
419 2190 657 2270 agrammaticis
672 2199 808 2269 vocatur,
829 2192 982 2253 rarissima
1005 2201 1052 2254 est
1073 2192 1160 2274 apud

140 2313 168 2356 us
182 2303 298 2377 poetas,
317 2295 389 2374 quia
414 2295 525 2355 mirum
549 2302 700 2373 quantuni
723 2313 869 2371 numeros
884 2293 1034 2357 debilitat.
1069 2293 1154 2357 Iliad.

137 2400 182 2460 at.
201 2406 241 2483 ψ.
259 2398 332 2459 760.

156 2510 288 2604 Πηλεὺς
309 2509 375 2602 θήν
396 2534 458 2598 μοι
479 2508 599 2581 ἔπειτα
622 2509 982 2601 γυναῖκα-γαμέσοεεαι
1004 2509 1116 2595 αὐτός.

155 2608 231 2705 δὶγχι
253 2611 345 2702 μάλ’,
370 2612 419 2695 οἷς
441 2611 497 2683 δτε
518 2611 571 2695 τίς
590 2641 627 2684 νε
649 2613 805 2704 γυναικὸς
826 2613 993 2702 ἐϋζώνοιο.

137 2743 266 2805 εεοὶΙίον
282 2743 325 2820 lit,
344 2743 370 2803 si
382 2751 463 2804 certa
479 2741 571 2804 simul
587 2743 617 2803 in
631 2742 739 2804 vicinis
755 2743 878 2806 assibus
891 2762 982 2806 voces
994 2742 1155 2822 liniuntur,

138 2842 202 2909 iad,
224 2845 249 2928 ζ.
271 2847 300 2907 2.

152 2961 267 3028 πολλὰ
290 2957 319 3027 δ’
342 2954 394 3048 ἄρ’
419 2957 505 3029 ἔνθα
526 2959 585 3028 καὶ
607 2955 704 3030 ἔνθ’-
718 2955 820 3029 ’ίδυσε
841 2962 929 3052 μάχη
944 3002 961 3013 -
975 2956 1122 3029 πεδίοιο.

137 3089 165 3148 ii
188 3087 422 3168 negligentiores
452 3087 509 3149 hac
531 3089 561 3149 in
586 3106 619 3148 ra
648 3087 792 3167 luerunt,
819 3086 949 3151 Ovidius
973 3089 1105 3150 maxima
1128 3098 1160 3149 at

138 3191 265 3253 urnius.
310 3191 398 3253 Plura
426 3189 497 3254 vide
523 3189 562 3253 da
589 3191 647 3253 hac
671 3210 799 3255 caesura
827 3193 858 3253 in
885 3191 961 3255 diss.
992 3190 1031 3254 de
1057 3199 1157 3254 aetate

138 3308 163 3356 l.
183 3292 254 3374 Arg.

149 3531 269 3616 §alt
296 3533 550 3613 Duodecima,
575 3536 607 3595 in
632 3537 692 3597 lina
715 3536 816 3616 quarti
837 3534 968 3614 dactyli,
995 3533 1107 3597 nabilis
1129 3547 1161 3597 at

138 3635 167 3700 is
183 3658 329 3718 caesura,
357 3657 417 3700 non
442 3637 533 3702 modo
554 3638 700 3701 buaolicis
715 3639 855 3717 Graecis,
881 3639 1030 3718 aquibus
1045 3659 1158 3701 nomen

139 3752 178 3820 tt,
204 3741 260 3804 sed
282 3762 375 3822 saepe
398 3743 492 3823 apicis
514 3760 638 3823 quoque
661 3760 771 3823 magna
795 3761 866 3804 cum
883 3743 912 3804 vi
930 3752 1080 3824 usurpata
1096 3754 1154 3805 est.

139 3894 154 3906 ..
174 3843 259 3908 iliad.
280 3842 309 3907 δ.
326 3847 399 3908 tat.

153 3979 265 4066 πόντῳ
288 3977 349 4062 μὲν
370 3976 413 4045 τὰ
435 3984 554 4064 πρῶτα
576 3973 815 4064 κορύσσων·
829 3974 935 4066 αὐτὰρ
958 3976 1078 4049 ἔπειτα

154 4081 259 4171 χέρσῳ
284 4080 480 4173 ῥηγνύμενον
501 4079 629 4172 μεγάλα
651 4076 907 4172 βρέμει,-ἆμφὶ
930 4080 969 4150 δέ
989 4077 1017 4150 τ’
1041 4074 1158 4169 ἄκρας.
