2804 4912
253 317 274 376 4
393 328 396 335 ·
559 382 562 386 ,
669 333 724 375 in.
744 334 765 375 r.
791 332 907 375 θυι-υ,

254 496 426 567 temporum
443 487 673 565 spatiorumque
689 486 872 564 aequalitate
887 487 1073 565 continetur,
1099 503 1172 566 pars
1187 495 1235 546 est
1249 486 1340 547 seriei

254 589 402 669 infinitae,
420 607 521 668 neque
537 597 591 650 aut
605 589 725 650 initium
742 598 796 650 aut
811 588 903 652 finem
919 588 1021 650 habet.
1052 590 1091 651 Vt
1105 580 1264 667 numestts,
1284 591 1339 668 qui

254 692 290 753 lit
302 692 553 772 percussionibus
574 691 786 771 tintinnabuli,
811 692 925 772 quibus
946 694 976 752 in
998 692 1148 772 horologio
1163 693 1256 753 horae
1270 712 1339 755 nu-

254 805 426 872 merantur,
454 797 501 857 vel
517 797 710 875 symmetria,
736 806 879 876 quaeest
897 797 929 857 in
945 797 1023 856 serie
1038 795 1201 874 arborum,
1227 791 1340 858 altitu-

254 899 336 979 dine,
355 899 463 977 iorma,
482 899 650 960 intervallis
665 901 797 977 parium.
823 900 912 973 Quali
929 901 960 960 in
975 918 1104 960 numero
1119 901 1340 978 symmetriave

254 1012 395 1082 apertum
411 1012 473 1080 est,
500 1002 575 1062 nihil
591 1003 632 1064 ita
655 1011 709 1063 aut
722 1004 857 1083 primum
873 1011 927 1064 θυι
940 1011 1131 1082 postremum
1152 1021 1236 1081 esse,
1261 1005 1340 1082 quin

254 1116 308 1168 ant
319 1104 391 1167 addi
407 1103 533 1185 aliquid,
548 1114 603 1166 θυι
617 1104 735 1167 detrahi
751 1114 854 1186 queat,
870 1106 954 1168 nullo
970 1104 1090 1167 numeri
1101 1108 1340 1183 symmetriaeve

253 1208 446 1270 detrimento.

340 1416 364 1497 §
381 1413 432 1477 11.
466 1415 555 1488 Quod
570 1418 595 1477 si
611 1416 682 1495 quis
698 1425 745 1477 est
760 1435 926 1495 numerus,
952 1426 1007 1478 aut
1027 1418 1129 1496 siqua
1146 1417 1337 1494 symmetria,

255 1539 334 1600 quae
357 1539 416 1581 non
440 1521 480 1580 sit
500 1520 632 1599 infinita,
660 1519 768 1598 quales
789 1537 933 1581 numeros
954 1522 1187 1598 symmetriasve
1208 1521 1340 1580 inveniri

255 1624 442 1702 experientia
464 1622 566 1700 docet,
593 1621 711 1703 aliquid
732 1625 763 1682 in
785 1606 860 1702 ipsis
883 1642 968 1701 esse,
995 1621 1078 1702 quod
1093 1622 1270 1686 absolutum
1287 1624 1338 1702 sit,

255 1745 381 1788 necesse
396 1735 452 1788 est.
479 1727 534 1788 Est
549 1736 653 1787 antem
668 1728 700 1786 in
716 1728 794 1787 serie
810 1746 989 1788 caussarum
1006 1746 1041 1788 ea
1058 1744 1166 1788 caussa
1183 1725 1338 1805 absoluta,

255 1849 334 1910 quae
349 1848 411 1890 non
426 1839 474 1891 est
488 1829 593 1890 effecta
610 1829 651 1890 ab
667 1831 725 1891 alia
741 1849 859 1909 caussa,
884 1829 941 1892 sed
955 1830 1084 1891 aliarum
1100 1832 1165 1908 ipsa
1182 1828 1337 1907 efficiens3

256 1936 286 1995 in
308 1934 442 2013 partium
464 1933 736 2012 comprehensione
757 1942 860 1994 autem
876 1953 911 1994 ea
927 1951 1000 2013 pars
1016 1933 1155 1994 absoluta
1171 1941 1233 2011 est,
1259 1950 1343 2013 quae

255 2056 315 2097 uon
332 2046 379 2097 est
393 2046 553 2116 propterea
568 2055 653 2117 pars,
674 2038 746 2117 quia
762 2035 900 2098 eiusdem
916 2039 959 2098 rei
975 2038 1066 2098 etiam
1081 2036 1158 2098 aliae
1173 2046 1247 2097 sunt
1260 2053 1343 2115 par-

256 2149 318 2218 tes,
344 2137 399 2200 sed
414 2149 540 2218 propter
555 2158 649 2220 quam
664 2140 733 2201 illae
749 2149 840 2217 sunt,
867 2141 886 2200 i.
906 2159 932 2200 e.
953 2142 1042 2201 cuius
1064 2139 1133 2200 illae
1148 2140 1247 2219 ipsius
1260 2157 1342 2219 par-

256 2252 301 2303 tes
318 2251 402 2303 sunt.

342 2449 365 2530 ξ
384 2446 434 2513 12.
469 2449 532 2511 Sed
546 2452 691 2530 quoniam
707 2450 792 2512 nulla
808 2460 856 2511 est
870 2467 988 2530 caussa,
1008 2467 1087 2529 quae
1102 2468 1163 2510 non
1179 2449 1287 2512 effecta
1303 2451 1344 2511 sit

256 2552 296 2613 ab
320 2553 378 2614 alia
402 2571 528 2633 caussa,
557 2554 705 2634 nullaque
727 2573 776 2615 res
797 2563 900 2634 partes
922 2552 1057 2632 habens,
1087 2571 1166 2632 quae
1189 2571 1250 2613 uon
1273 2553 1344 2632 ipsa

256 2675 380 2738 quoque
401 2676 473 2736 pars
495 2658 535 2718 sit
555 2658 635 2719 alius
657 2659 715 2718 rei:
745 2666 888 2737 apparet,
915 2657 1073 2717 relativam
1097 2674 1165 2716 esse
1186 2657 1343 2716 notionem

258 2779 385 2822 caussae
400 2762 559 2840 partisque
575 2760 744 2839 absolutae,
766 2763 785 2821 i.
805 2780 832 2820 e.
853 2761 943 2820 talem
959 2779 1027 2821 eam
1043 2777 1183 2821 caussam
1198 2767 1344 2838 partem-

256 2884 317 2944 que
333 2863 473 2943 intelligi,
501 2882 582 2943 quae
597 2883 659 2925 non
674 2883 731 2944 per
745 2883 779 2925 se
795 2864 935 2925 absoluta
950 2865 1004 2941 sit,
1029 2862 1085 2924 sed
1100 2871 1235 2940 tantum,
1257 2861 1346 2942 qnod

257 2967 297 3029 ad
312 2967 416 3028 datam
428 2968 563 3047 aliquam
576 2969 686 3029 seriem
700 2986 879 3030 caussarum
894 2967 942 3028 vel
954 2967 1194 3046 complexionem
1207 2967 1346 3046 partium

258 3073 375 3150 attinet,
394 3069 538 3133 habenda
555 3074 595 3133 sit
609 3091 666 3153 pro
681 3072 833 3150 absoluta,
852 3073 935 3151 quia,
957 3089 1020 3151 quo
1034 3088 1102 3131 eam
1118 3071 1173 3130 niti
1189 3068 1343 3151 dicamus,

257 3175 288 3233 in
315 3175 381 3254 ipsa
408 3175 464 3235 ista
495 3178 576 3236 serie
603 3194 782 3238 caussarum
809 3175 859 3237 vel
886 3174 1095 3253 complexione
1120 3173 1255 3253 partium
1282 3193 1347 3235 non

257 3278 437 3358 reperiatur,
456 3276 512 3341 sed
529 3278 655 3341 aliunde
670 3283 710 3341 sit
725 3276 937 3359 repetendum.
964 3278 1003 3338 Vt
1017 3277 1043 3336 si
1058 3278 1168 3357 sagitta
1184 3278 1215 3336 in
1230 3295 1347 3339 saxum

257 3381 335 3440 illisa
351 3381 521 3462 repellitur,
545 3401 656 3444 saxum
672 3382 759 3462 illud,
786 3381 870 3462 quod
890 3380 929 3442 ad
945 3389 1062 3442 motum
1078 3380 1204 3460 sagittae
1220 3381 1343 3460 attinet,

165 3517 167 3521 ·
258 3502 367 3546 caussa
383 3483 525 3548 absoluta
541 3488 650 3548 mutati
666 3481 767 3548 motus
783 3496 840 3564 est,
866 3486 937 3566 quia
954 3485 1004 3545 lex
1019 3484 1081 3563 illa,
1100 3502 1161 3563 qua
1178 3484 1289 3563 sagitta
1304 3483 1348 3544 ab

258 3607 333 3648 arcu
347 3590 459 3650 emissa
474 3598 628 3669 movetur,
644 3607 704 3649 non
720 3598 822 3668 potest
833 3607 973 3650 caussam
990 3588 1155 3666 continere,
1172 3604 1267 3666 quare
1284 3587 1347 3649 alia

258 3691 324 3770 lege
350 3711 384 3752 ea
412 3695 521 3774 sagitta
549 3702 717 3754 moveatur.
758 3694 796 3754 Et
826 3695 855 3754 in
887 3693 964 3752 serie
991 3691 1135 3752 arborum
1165 3690 1346 3768 aequalium

258 3795 441 3874 aequalique
466 3797 690 3875 comparatione
710 3794 925 3875 dispositarum
949 3795 974 3856 si
997 3813 1057 3856 una
1078 3792 1170 3854 arbor
1184 3794 1348 3872 magnitu-

258 3897 331 3959 dine
346 3908 416 3960 ante
429 3908 548 3961 inuras
563 3901 686 3979 eminet,
702 3919 736 3960 ea
753 3899 853 3977 arbor,
868 3896 951 3978 quod
967 3897 1007 3958 ad
1022 3899 1133 3958 seriem
1148 3896 1230 3958 illam
1246 3896 1348 3958 arbo-

258 4021 328 4063 rum
350 4004 474 4082 attinet,
499 4023 572 4084 pars
595 4013 642 4065 est
662 4002 820 4082 absoluta,
847 4004 918 4082 quia
941 4004 971 4062 in
995 4001 1046 4062 illa
1061 4000 1182 4080 aequali
1196 4000 1347 4062 arborum

258 4107 485 4186 comparatione
504 4108 579 4167 nihil
602 4125 669 4168 esse
692 4115 804 4185 potest,
831 4106 914 4185 quod
938 4124 1030 4167 uuam
1046 4122 1153 4166 earum
1168 4103 1259 4164 aliam
1275 4121 1347 4166 esse

260 4210 403 4286 postulet.
